UpdateTime,LastPrice,Volume,BidPrice1,BidVolume1,AskPrice1,AskVolume1,OpenInterest,Turnover
1734935165.0,4158,85455,4157,157,4158,38,169891,3.55433e+09
1734935165.5,4158,85465,4157,157,4158,33,169891,3.55474e+09
1734935166.0,4158,85465,4157,159,4158,34,169891,3.55474e+09
1734935166.5,4158,85465,4157,161,4158,34,169891,3.55474e+09
1734935167.5,4158,85465,4157,169,4158,34,169891,3.55474e+09
1734935168.0,4158,85474,4157,163,4158,31,169897,3.55512e+09
1734935168.5,4158,85474,4157,169,4158,31,169897,3.55512e+09
1734935169.0,4158,85474,4157,169,4158,34,169897,3.55512e+09
1734935169.5,4158,85474,4157,169,4158,35,169897,3.55512e+09
1734935171.5,4158,85474,4157,169,4158,36,169897,3.55512e+09
1734935172.5,4158,85474,4157,169,4158,39,169897,3.55512e+09
1734935173.0,4158,85474,4157,148,4158,72,169897,3.55512e+09
1734935173.5,4158,85474,4157,149,4158,72,169897,3.55512e+09
1734935175.0,4158,85475,4157,149,4158,71,169898,3.55516e+09
1734935175.5,4157,85477,4157,147,4158,71,169900,3.55524e+09
1734935176.0,4157,85479,4157,147,4158,71,169900,3.55533e+09
1734935177.5,4157,85479,4157,147,4158,72,169900,3.55533e+09
1734935179.0,4158,85481,4157,147,4158,70,169902,3.55541e+09
1734935179.5,4158,85481,4157,147,4158,69,169902,3.55541e+09
1734935180.0,4158,85481,4157,150,4158,69,169902,3.55541e+09
1734935181.0,4157,85482,4157,149,4158,69,169903,3.55545e+09
1734935181.5,4157,85485,4157,146,4158,69,169906,3.55558e+09
1734935182.0,4157,85485,4157,146,4158,80,169906,3.55558e+09
1734935184.0,4158,85486,4157,146,4158,79,169907,3.55562e+09
1734935184.5,4158,85486,4157,147,4158,79,169907,3.55562e+09
1734935186.0,4158,85486,4157,147,4158,80,169907,3.55562e+09
1734935187.5,4158,85486,4157,147,4158,81,169907,3.55562e+09
1734935188.5,4158,85490,4157,147,4158,98,169907,3.55578e+09
1734935197.5,4157,85491,4157,146,4158,98,169908,3.55582e+09
1734935198.0,4157,85491,4157,146,4158,106,169908,3.55582e+09
1734935204.0,4157,85493,4157,144,4158,106,169910,3.55591e+09
1734935212.0,4157,85493,4157,144,4158,107,169910,3.55591e+09
1734935214.0,4158,85494,4157,144,4158,106,169911,3.55595e+09
1734935216.0,4158,85494,4157,144,4158,107,169911,3.55595e+09
1734935217.5,4157,85504,4157,134,4158,107,169911,3.55636e+09
1734935220.0,4157,85505,4157,133,4158,107,169911,3.55641e+09
1734935222.0,4157,85638,4156,235,4157,4,169940,3.56194e+09
1734935222.5,4157,85641,4156,206,4157,95,169940,3.56206e+09
1734935223.0,4157,85641,4156,204,4157,96,169940,3.56206e+09
1734935223.5,4157,85644,4156,204,4157,94,169937,3.56218e+09
1734935225.0,4157,85644,4156,204,4157,95,169937,3.56218e+09
1734935225.5,4157,85644,4156,205,4157,95,169937,3.56218e+09
1734935226.0,4157,85644,4156,205,4157,96,169937,3.56218e+09
1734935226.5,4157,85644,4156,205,4157,97,169937,3.56218e+09
1734935228.5,4157,85644,4156,206,4157,98,169937,3.56218e+09
1734935229.0,4156,85645,4156,205,4157,99,169936,3.56223e+09
1734935229.5,4156,85656,4156,200,4157,99,169939,3.56268e+09
1734935230.0,4156,85658,4156,198,4157,99,169939,3.56277e+09
1734935230.5,4156,85658,4156,197,4157,99,169939,3.56277e+09
1734935232.5,4156,85659,4156,195,4157,99,169940,3.56281e+09
1734935234.0,4156,85660,4156,194,4157,99,169941,3.56285e+09
1734935234.5,4157,85665,4156,194,4157,94,169938,3.56306e+09
1734935235.0,4156,85667,4156,192,4157,94,169940,3.56314e+09
1734935235.5,4156,85669,4156,190,4157,94,169942,3.56322e+09
1734935236.0,4156,85672,4156,187,4157,94,169945,3.56335e+09
1734935236.5,4156,85674,4156,185,4157,94,169947,3.56343e+09
1734935237.0,4156,85675,4156,184,4157,95,169948,3.56347e+09
1734935237.5,4156,85699,4156,160,4157,95,169949,3.56447e+09
1734935242.0,4156,85860,4156,1,4157,103,170031,3.57116e+09
1734935242.5,4156,85891,4155,255,4156,3,170028,3.57245e+09
1734935243.0,4156,85902,4155,247,4156,5,170037,3.57291e+09
1734935243.5,4156,85908,4155,247,4156,22,170036,3.57316e+09
1734935244.0,4156,85909,4155,247,4156,22,170035,3.5732e+09
1734935244.5,4156,85909,4155,247,4156,24,170035,3.5732e+09
1734935245.5,4155,85911,4155,245,4156,44,170037,3.57328e+09
1734935246.0,4155,85947,4155,196,4156,82,170031,3.57478e+09
1734935246.5,4155,85980,4155,164,4156,81,170061,3.57615e+09
1734935247.0,4155,85982,4155,162,4156,82,170060,3.57623e+09
1734935247.5,4155,85982,4155,162,4156,83,170060,3.57623e+09
1734935249.5,4155,85983,4155,161,4156,83,170060,3.57627e+09
1734935250.0,4156,86021,4155,136,4156,71,170084,3.57785e+09
1734935250.5,4156,86021,4155,136,4156,78,170084,3.57785e+09
1734935251.0,4156,86021,4155,136,4156,79,170084,3.57785e+09
1734935252.5,4156,86021,4155,137,4156,79,170084,3.57785e+09
1734935253.0,4156,86021,4155,139,4156,79,170084,3.57785e+09
1734935253.5,4155,86022,4155,138,4156,79,170084,3.57789e+09
1734935254.0,4155,86027,4155,133,4156,79,170089,3.5781e+09
1734935254.5,4155,86027,4155,134,4156,79,170089,3.5781e+09
1734935255.5,4155,86040,4155,131,4156,68,170099,3.57864e+09
1734935256.0,4155,86064,4155,107,4156,91,170121,3.57964e+09
1734935256.5,4156,86066,4155,107,4156,89,170121,3.57972e+09
1734935257.0,4156,86066,4155,108,4156,89,170121,3.57972e+09
1734935257.5,4156,86079,4155,108,4156,78,170121,3.58026e+09
1734935258.5,4156,86079,4155,109,4156,78,170121,3.58026e+09
1734935260.5,4156,86079,4155,110,4156,79,170121,3.58026e+09
1734935261.0,4155,86096,4155,93,4156,79,170138,3.58097e+09
1734935262.0,4155,86096,4155,92,4156,79,170138,3.58097e+09
1734935262.5,4155,86099,4155,91,4156,79,170141,3.58109e+09
1734935263.0,4156,86101,4155,89,4156,77,170143,3.58118e+09
1734935264.5,4156,86101,4155,91,4156,77,170143,3.58118e+09
1734935265.0,4155,86105,4155,87,4156,77,170147,3.58134e+09
1734935266.5,4156,86110,4155,89,4156,72,170151,3.58155e+09
1734935267.5,4156,86112,4155,89,4156,70,170150,3.58163e+09
1734935270.0,4155,86117,4155,85,4156,70,170155,3.58184e+09
1734935270.5,4155,86117,4155,88,4156,70,170155,3.58184e+09
1734935271.0,4156,86118,4155,94,4156,69,170155,3.58188e+09
1734935271.5,4156,86118,4155,95,4156,69,170155,3.58188e+09
1734935272.5,4156,86118,4155,95,4156,70,170155,3.58188e+09
1734935274.5,4156,86118,4155,97,4156,70,170155,3.58188e+09
1734935275.0,4156,86118,4155,120,4156,47,170155,3.58188e+09
1734935275.5,4156,86118,4155,120,4156,46,170155,3.58188e+09
1734935276.0,4156,86118,4155,121,4156,46,170155,3.58188e+09
1734935276.5,4156,86137,4155,121,4156,4,170153,3.58267e+09
1734935277.0,4156,86142,4156,11,4157,101,170157,3.58288e+09
1734935277.5,4156,86150,4155,154,4156,4,170162,3.58321e+09
1734935278.0,4156,86150,4155,128,4156,12,170162,3.58321e+09
1734935278.5,4156,86151,4155,127,4156,11,170162,3.58325e+09
1734935279.5,4156,86153,4155,125,4156,9,170162,3.58334e+09
1734935280.0,4156,86154,4155,125,4156,8,170162,3.58338e+09
1734935281.0,4156,86154,4155,125,4156,9,170162,3.58338e+09
1734935281.5,4156,86167,4155,158,4156,7,170165,3.58392e+09
1734935282.0,4156,86185,4156,7,4157,100,170170,3.58467e+09
1734935282.5,4156,86193,4156,2,4157,96,170171,3.585e+09
1734935283.0,4156,86197,4155,166,4156,3,170169,3.58517e+09
1734935283.5,4156,86213,4156,3,4157,107,170167,3.58583e+09
1734935284.0,4156,86216,4155,171,4156,8,170167,3.58596e+09
1734935284.5,4156,86219,4155,167,4156,20,170170,3.58608e+09
1734935285.0,4156,86220,4155,167,4156,28,170170,3.58612e+09
1734935285.5,4156,86220,4155,166,4156,24,170170,3.58612e+09
1734935286.0,4156,86225,4155,166,4156,19,170175,3.58633e+09
1734935286.5,4156,86230,4155,162,4156,31,170180,3.58654e+09
1734935288.0,4156,86230,4155,161,4156,31,170180,3.58654e+09
1734935288.5,4156,86230,4155,161,4156,32,170180,3.58654e+09
1734935290.5,4156,86230,4155,162,4156,34,170180,3.58654e+09
1734935291.0,4156,86230,4155,162,4156,14,170180,3.58654e+09
1734935291.5,4155,86255,4155,105,4156,78,170204,3.58758e+09
1734935292.0,4155,86258,4155,103,4156,78,170207,3.5877e+09
1734935292.5,4156,86268,4155,93,4156,68,170217,3.58812e+09
1734935293.0,4156,86269,4155,94,4156,34,170217,3.58816e+09
1734935293.5,4156,86279,4155,94,4156,32,170216,3.58857e+09
1734935294.0,4156,86279,4155,94,4156,33,170216,3.58857e+09
1734935296.0,4156,86279,4155,94,4156,34,170216,3.58857e+09
1734935296.5,4156,86279,4155,94,4156,37,170216,3.58857e+09
1734935297.0,4155,86300,4155,72,4156,36,170216,3.58945e+09
1734935297.5,4155,86300,4155,71,4156,93,170216,3.58945e+09
1734935299.0,4155,86300,4155,75,4156,93,170216,3.58945e+09
1734935299.5,4155,86301,4155,74,4156,93,170217,3.58949e+09
1734935300.0,4155,86302,4155,72,4156,93,170218,3.58953e+09
1734935304.0,4155,86302,4155,72,4156,94,170218,3.58953e+09
1734935304.5,4155,86302,4155,73,4156,94,170218,3.58953e+09
1734935305.0,4155,86302,4155,73,4156,85,170218,3.58953e+09
1734935307.0,4156,86303,4155,74,4156,51,170219,3.58957e+09
1734935307.5,4156,86303,4155,75,4156,50,170219,3.58957e+09
1734935308.0,4156,86303,4155,75,4156,54,170219,3.58957e+09
1734935309.0,4155,86307,4155,71,4156,87,170223,3.58974e+09
1734935309.5,4155,86307,4155,70,4156,87,170223,3.58974e+09
1734935310.5,4155,86307,4155,70,4156,88,170223,3.58974e+09
1734935311.0,4155,86312,4155,70,4156,88,170223,3.58994e+09
1734935312.5,4155,86312,4155,70,4156,89,170223,3.58994e+09
1734935315.0,4155,86313,4155,69,4156,89,170224,3.58999e+09
1734935316.0,4155,86317,4155,66,4156,89,170228,3.59015e+09
1734935320.0,4156,86325,4155,66,4156,81,170236,3.59048e+09
1734935320.5,4155,86326,4155,65,4156,81,170236,3.59053e+09
1734935321.5,4155,86326,4155,66,4156,81,170236,3.59053e+09
1734935322.0,4155,86327,4155,68,4156,81,170236,3.59057e+09
1734935324.5,4155,86327,4155,68,4156,87,170236,3.59057e+09
1734935326.0,4155,86328,4155,66,4156,87,170236,3.59061e+09
1734935326.5,4155,86328,4155,65,4156,87,170236,3.59061e+09
1734935327.5,4155,86328,4155,70,4156,87,170236,3.59061e+09
1734935328.0,4155,86328,4155,75,4156,87,170236,3.59061e+09
1734935329.0,4155,86328,4155,76,4156,87,170236,3.59061e+09
1734935330.5,4156,86329,4155,76,4156,87,170236,3.59065e+09
1734935331.0,4156,86329,4155,77,4156,87,170236,3.59065e+09
1734935333.0,4156,86329,4155,80,4156,87,170236,3.59065e+09
1734935337.5,4156,86330,4155,80,4156,86,170237,3.59069e+09
1734935338.5,4156,86330,4155,80,4156,87,170237,3.59069e+09
1734935339.5,4156,86332,4155,80,4156,85,170239,3.59078e+09
1734935341.5,4155,86333,4155,78,4156,85,170240,3.59082e+09
1734935342.0,4155,86333,4155,79,4156,85,170240,3.59082e+09
1734935342.5,4155,86333,4155,80,4156,85,170240,3.59082e+09
1734935343.0,4156,86337,4155,73,4156,86,170240,3.59098e+09
1734935343.5,4155,86341,4155,71,4156,84,170242,3.59115e+09
1734935344.0,4155,86342,4155,70,4156,84,170242,3.59119e+09
1734935345.5,4155,86342,4155,70,4156,85,170242,3.59119e+09
1734935348.0,4155,86342,4155,70,4156,87,170242,3.59119e+09
1734935350.0,4155,86342,4155,85,4156,87,170242,3.59119e+09
1734935352.0,4155,86343,4155,84,4156,87,170241,3.59123e+09
1734935353.5,4155,86351,4155,77,4156,87,170247,3.59157e+09
1734935354.0,4156,86355,4155,77,4156,82,170247,3.59173e+09
1734935355.0,4156,86356,4155,76,4156,78,170247,3.59177e+09
1734935357.5,4156,86356,4155,76,4156,79,170247,3.59177e+09
1734935360.5,4156,86357,4155,76,4156,78,170248,3.59181e+09
1734935361.0,4156,86358,4155,112,4156,26,170248,3.59186e+09
1734935361.5,4156,86384,4155,112,4156,2,170243,3.59294e+09
1734935362.0,4156,86386,4155,115,4157,105,170241,3.59302e+09
1734935362.5,4156,86386,4155,115,4157,94,170241,3.59302e+09
1734935364.0,4156,86386,4155,100,4157,94,170241,3.59302e+09
1734935366.0,4157,86387,4155,100,4157,95,170240,3.59306e+09
1734935366.5,4157,86387,4155,100,4156,2,170240,3.59306e+09
1734935367.0,4156,86389,4155,100,4157,95,170240,3.59314e+09
1734935367.5,4156,86389,4156,1,4157,95,170240,3.59314e+09
1734935368.0,4156,86391,4156,25,4157,95,170238,3.59323e+09
1734935368.5,4156,86391,4156,29,4157,95,170238,3.59323e+09
1734935369.0,4156,86391,4156,30,4157,95,170238,3.59323e+09
1734935369.5,4157,86398,4156,30,4157,96,170231,3.59352e+09
1734935371.0,4157,86398,4156,31,4157,97,170231,3.59352e+09
1734935371.5,4157,86399,4156,31,4157,96,170230,3.59356e+09
1734935372.0,4157,86400,4156,31,4157,95,170229,3.5936e+09
1734935372.5,4157,86400,4156,33,4157,95,170229,3.5936e+09
1734935375.0,4157,86410,4156,66,4157,85,170229,3.59402e+09
1734935375.5,4157,86410,4156,67,4157,74,170229,3.59402e+09
1734935376.0,4157,86420,4156,90,4157,48,170235,3.59443e+09
1734935376.5,4156,86423,4156,87,4157,45,170232,3.59456e+09
1734935378.5,4156,86423,4156,88,4157,45,170232,3.59456e+09
1734935379.0,4157,86429,4156,94,4157,39,170232,3.59481e+09
1734935379.5,4156,86432,4156,91,4157,39,170232,3.59493e+09
1734935380.0,4156,86432,4156,91,4157,42,170232,3.59493e+09
1734935380.5,4156,86433,4156,34,4157,75,170231,3.59497e+09
1734935381.0,4156,86433,4156,65,4157,75,170231,3.59497e+09
1734935382.0,4156,86433,4156,66,4157,75,170231,3.59497e+09
1734935382.5,4156,86433,4156,69,4157,75,170231,3.59497e+09
1734935384.0,4156,86434,4156,68,4157,75,170231,3.59502e+09
1734935390.5,4156,86434,4156,69,4157,75,170231,3.59502e+09
1734935391.0,4157,86440,4156,69,4157,71,170237,3.59526e+09
1734935392.5,4156,86481,4156,38,4157,71,170263,3.59697e+09
1734935393.0,4156,86481,4156,44,4157,71,170263,3.59697e+09
1734935394.0,4156,86481,4156,45,4157,71,170263,3.59697e+09
1734935394.5,4156,86481,4156,35,4157,71,170263,3.59697e+09
1734935397.0,4156,86482,4156,34,4157,71,170262,3.59701e+09
1734935397.5,4156,86482,4156,44,4157,71,170262,3.59701e+09
1734935399.0,4156,86484,4156,42,4157,71,170261,3.59709e+09
1734935400.5,4156,86489,4156,37,4157,72,170256,3.5973e+09
1734935401.0,4156,86489,4156,38,4157,72,170256,3.5973e+09
1734935403.0,4156,86490,4156,39,4157,72,170255,3.59734e+09
1734935403.5,4157,86492,4156,40,4157,70,170255,3.59743e+09
1734935404.5,4157,86493,4156,40,4157,69,170255,3.59747e+09
1734935405.0,4157,86493,4156,41,4157,69,170255,3.59747e+09
1734935406.5,4157,86493,4156,42,4157,69,170255,3.59747e+09
1734935407.0,4157,86493,4156,43,4157,69,170255,3.59747e+09
1734935412.0,4157,86494,4156,43,4157,69,170256,3.59751e+09
1734935412.5,4157,86494,4156,44,4157,70,170256,3.59751e+09
1734935414.0,4156,86511,4156,27,4157,93,170259,3.59822e+09
1734935414.5,4156,86540,4155,103,4156,2,170279,3.59942e+09
1734935415.5,4155,86542,4155,101,4156,2,170281,3.5995e+09
1734935416.0,4156,86545,4156,1,4157,95,170282,3.59963e+09
1734935416.5,4156,86546,4155,102,4157,95,170282,3.59967e+09
1734935417.0,4156,86546,4156,5,4157,95,170282,3.59967e+09
1734935418.0,4156,86546,4156,11,4157,95,170282,3.59967e+09
1734935420.0,4156,86552,4156,2,4157,95,170283,3.59992e+09
1734935424.0,4156,86552,4156,2,4157,94,170283,3.59992e+09
1734935424.5,4156,86553,4156,23,4157,94,170284,3.59996e+09
1734935425.0,4156,86554,4156,27,4157,94,170284,3.6e+09
1734935425.5,4156,86554,4156,29,4157,94,170284,3.6e+09
1734935426.5,4156,86555,4156,28,4157,94,170284,3.60004e+09
1734935427.5,4156,86560,4156,23,4157,94,170284,3.60025e+09
1734935428.0,4156,86560,4156,24,4157,94,170284,3.60025e+09
1734935430.0,4157,86561,4156,24,4157,93,170285,3.60029e+09
1734935433.0,4156,86566,4156,19,4157,93,170285,3.6005e+09
1734935433.5,4156,86566,4156,19,4157,94,170285,3.6005e+09
1734935436.0,4156,86566,4156,20,4157,94,170285,3.6005e+09
1734935437.0,4157,86571,4156,20,4157,89,170290,3.60071e+09
1734935437.5,4157,86571,4156,24,4157,89,170290,3.60071e+09
1734935438.5,4157,86571,4156,41,4157,89,170290,3.60071e+09
1734935439.0,4157,86571,4156,41,4157,90,170290,3.60071e+09
1734935439.5,4157,86571,4156,41,4157,89,170290,3.60071e+09
1734935441.0,4156,86578,4156,34,4157,89,170290,3.601e+09
1734935441.5,4156,86578,4156,34,4157,90,170290,3.601e+09
1734935442.5,4156,86578,4156,34,4157,91,170290,3.601e+09
1734935444.0,4156,86578,4156,33,4157,91,170290,3.601e+09
1734935444.5,4156,86578,4156,33,4157,92,170290,3.601e+09
1734935445.0,4156,86578,4156,13,4157,92,170290,3.601e+09
1734935446.5,4156,86578,4156,13,4157,93,170290,3.601e+09
1734935447.0,4156,86578,4156,9,4157,93,170290,3.601e+09
1734935454.0,4156,86578,4156,12,4157,93,170290,3.601e+09
1734935454.5,4156,86581,4156,9,4157,93,170290,3.60112e+09
1734935455.0,4156,86587,4156,4,4157,94,170290,3.60137e+09
1734935458.5,4156,86588,4156,3,4157,94,170291,3.60142e+09
1734935459.0,4156,86591,4155,125,4157,93,170291,3.60154e+09
1734935460.5,4156,86591,4155,126,4157,94,170291,3.60154e+09
1734935461.5,4156,86591,4155,126,4157,93,170291,3.60154e+09
1734935462.0,4155,86596,4155,121,4157,93,170293,3.60175e+09
1734935462.5,4155,86600,4156,17,4157,93,170293,3.60191e+09
1734935463.0,4155,86607,4156,5,4157,93,170287,3.60221e+09
1734935463.5,4155,86607,4156,30,4157,93,170287,3.60221e+09
1734935464.0,4156,86611,4156,45,4157,80,170283,3.60237e+09
1734935464.5,4156,86611,4156,83,4157,46,170283,3.60237e+09
1734935465.0,4156,86611,4156,83,4157,49,170283,3.60237e+09
1734935465.5,4157,86613,4156,90,4157,47,170281,3.60245e+09
1734935466.0,4157,86613,4156,91,4157,23,170281,3.60245e+09
1734935466.5,4157,86636,4156,92,4158,97,170271,3.60341e+09
1734935467.0,4157,86636,4157,9,4158,91,170271,3.60341e+09
1734935467.5,4157,86637,4157,37,4158,91,170270,3.60345e+09
1734935468.0,4157,86638,4157,38,4158,91,170270,3.60349e+09
1734935468.5,4157,86638,4157,41,4158,91,170270,3.60349e+09
1734935470.5,4157,86641,4157,38,4158,91,170272,3.60362e+09
1734935472.0,4157,86641,4157,39,4158,91,170272,3.60362e+09
1734935476.0,4157,86641,4157,39,4158,92,170272,3.60362e+09
1734935480.0,4158,86642,4157,39,4158,91,170272,3.60366e+09
1734935480.5,4158,86644,4157,40,4158,92,170273,3.60374e+09
1734935481.0,4157,86647,4157,37,4158,92,170276,3.60387e+09
1734935482.0,4158,86648,4157,37,4158,91,170277,3.60391e+09
1734935482.5,4158,86648,4157,37,4158,96,170277,3.60391e+09
1734935487.0,4158,86648,4157,40,4158,96,170277,3.60391e+09
1734935488.5,4158,86650,4157,40,4158,94,170279,3.60399e+09
1734935489.0,4158,86650,4157,59,4158,62,170279,3.60399e+09
1734935489.5,4158,86658,4157,91,4158,33,170277,3.60433e+09
1734935490.0,4158,86658,4157,97,4158,30,170277,3.60433e+09
1734935490.5,4158,86661,4157,97,4158,27,170279,3.60445e+09
1734935491.0,4158,86661,4157,92,4158,27,170279,3.60445e+09
1734935491.5,4158,86667,4157,92,4158,21,170273,3.6047e+09
1734935492.0,4158,86667,4157,92,4158,22,170273,3.6047e+09
1734935494.0,4158,86667,4157,92,4158,23,170273,3.6047e+09
1734935495.0,4158,86667,4157,93,4158,123,170273,3.6047e+09
1734935495.5,4158,86667,4157,45,4158,123,170273,3.6047e+09
1734935496.0,4158,86669,4157,45,4158,121,170273,3.60478e+09
1734935499.0,4158,86669,4157,45,4158,119,170273,3.60478e+09
1734935499.5,4158,86677,4157,45,4158,111,170270,3.60512e+09
1734935500.0,4157,86682,4157,40,4158,111,170271,3.60532e+09
1734935500.5,4157,86682,4157,41,4158,111,170271,3.60532e+09
1734935503.0,4157,86682,4157,42,4158,111,170271,3.60532e+09
1734935509.0,4157,86683,4157,41,4158,111,170271,3.60536e+09
1734935509.5,4158,86691,4157,41,4158,103,170264,3.6057e+09
1734935510.5,4158,86691,4157,42,4158,103,170264,3.6057e+09
1734935516.0,4158,86691,4157,46,4158,103,170264,3.6057e+09
1734935517.0,4158,86692,4157,46,4158,102,170264,3.60574e+09
1734935517.5,4158,86692,4157,48,4158,102,170264,3.60574e+09
1734935518.5,4158,86692,4157,56,4158,102,170264,3.60574e+09
1734935520.0,4157,86698,4157,50,4158,102,170264,3.60599e+09
1734935521.5,4158,86708,4157,50,4158,93,170264,3.6064e+09
1734935523.0,4158,86708,4157,50,4158,99,170264,3.6064e+09
1734935523.5,4158,86709,4157,50,4158,98,170263,3.60645e+09
1734935526.0,4158,86709,4157,51,4158,98,170263,3.60645e+09
1734935526.5,4158,86709,4157,55,4158,99,170263,3.60645e+09
1734935527.0,4158,86719,4157,58,4158,89,170253,3.60686e+09
1734935528.0,4158,86719,4157,59,4158,89,170253,3.60686e+09
1734935529.0,4157,86720,4157,58,4158,89,170253,3.6069e+09
1734935529.5,4157,86721,4157,57,4158,89,170253,3.60694e+09
1734935532.0,4157,86721,4157,57,4158,90,170253,3.60694e+09
1734935532.5,4157,86721,4157,57,4158,91,170253,3.60694e+09
1734935533.0,4157,86742,4157,88,4158,71,170233,3.60782e+09
1734935533.5,4158,86753,4157,80,4158,61,170222,3.60828e+09
1734935534.0,4158,86761,4157,80,4158,53,170214,3.60861e+09
1734935534.5,4158,86761,4157,80,4158,55,170214,3.60861e+09
1734935540.0,4158,86762,4157,80,4158,55,170213,3.60865e+09
1734935541.5,4158,86762,4157,76,4158,55,170213,3.60865e+09
1734935542.0,4158,86771,4157,76,4158,65,170204,3.60902e+09
1734935542.5,4157,86772,4157,43,4158,65,170203,3.60907e+09
1734935543.0,4158,86776,4157,43,4158,61,170203,3.60923e+09
1734935546.0,4158,86776,4157,43,4158,93,170203,3.60923e+09
1734935549.5,4158,86776,4157,63,4158,93,170203,3.60923e+09
1734935550.0,4158,86776,4157,64,4158,94,170203,3.60923e+09
1734935552.0,4158,86776,4157,65,4158,94,170203,3.60923e+09
1734935560.0,4158,86776,4157,65,4158,95,170203,3.60923e+09
1734935560.5,4158,86779,4157,65,4158,93,170203,3.60936e+09
1734935561.0,4158,86779,4157,66,4158,93,170203,3.60936e+09
1734935563.0,4158,86779,4157,69,4158,93,170203,3.60936e+09
1734935563.5,4158,86779,4157,70,4158,93,170203,3.60936e+09
1734935567.0,4158,86779,4157,73,4158,93,170203,3.60936e+09
1734935568.0,4157,86780,4157,72,4158,113,170203,3.6094e+09
1734935568.5,4157,86780,4157,66,4158,113,170203,3.6094e+09
1734935578.0,4157,86780,4157,66,4158,114,170203,3.6094e+09
1734935578.5,4157,86780,4157,62,4158,114,170203,3.6094e+09
1734935579.0,4158,86782,4157,62,4158,113,170203,3.60948e+09
1734935579.5,4158,86783,4157,62,4158,112,170203,3.60952e+09
1734935580.0,4158,86783,4157,62,4158,113,170203,3.60952e+09
1734935580.5,4158,86784,4157,62,4158,112,170203,3.60956e+09
1734935582.0,4158,86784,4157,63,4158,112,170203,3.60956e+09
1734935582.5,4158,86784,4157,65,4158,114,170203,3.60956e+09
1734935583.0,4158,86784,4157,66,4158,114,170203,3.60956e+09
1734935583.5,4158,86784,4157,67,4158,114,170203,3.60956e+09
1734935584.0,4157,86794,4157,58,4158,114,170207,3.60998e+09
1734935587.5,4157,86794,4157,59,4158,115,170207,3.60998e+09
1734935588.5,4157,86794,4157,60,4158,115,170207,3.60998e+09
1734935589.0,4157,86794,4157,60,4158,117,170207,3.60998e+09
1734935590.0,4158,86796,4157,60,4158,115,170205,3.61006e+09
1734935590.5,4158,86796,4157,61,4158,116,170205,3.61006e+09
1734935591.0,4158,86796,4157,60,4158,117,170205,3.61006e+09
1734935591.5,4158,86797,4157,60,4158,115,170205,3.6101e+09
1734935592.0,4158,86797,4157,60,4158,117,170205,3.6101e+09
1734935594.5,4158,86797,4157,61,4158,117,170205,3.6101e+09
1734935596.0,4158,86823,4157,60,4158,91,170186,3.61119e+09
1734935596.5,4158,86824,4157,113,4158,20,170186,3.61123e+09
1734935597.0,4158,86848,4157,102,4159,134,170166,3.61223e+09
1734935597.5,4158,86848,4157,107,4159,134,170166,3.61223e+09
1734935598.0,4158,86848,4157,108,4159,134,170166,3.61223e+09
1734935601.0,4158,86848,4157,109,4159,134,170166,3.61223e+09
1734935601.5,4158,86848,4157,115,4159,135,170166,3.61223e+09
1734935604.5,4158,86848,4157,116,4159,135,170166,3.61223e+09
1734935605.0,4158,86848,4157,114,4159,135,170166,3.61223e+09
1734935609.5,4158,86848,4157,114,4159,136,170166,3.61223e+09
1734935610.0,4158,86848,4157,115,4159,137,170166,3.61223e+09
1734935610.5,4158,86848,4157,115,4159,138,170166,3.61223e+09
1734935611.0,4158,86848,4157,115,4159,139,170166,3.61223e+09
1734935612.0,4158,86848,4157,115,4158,5,170166,3.61223e+09
1734935612.5,4158,86854,4158,3,4159,138,170165,3.61247e+09
1734935613.0,4158,86854,4158,20,4159,142,170165,3.61247e+09
1734935613.5,4158,86854,4158,43,4159,142,170165,3.61247e+09
1734935614.0,4158,86854,4158,44,4159,115,170165,3.61247e+09
1734935614.5,4158,86854,4158,92,4159,112,170165,3.61247e+09
1734935615.0,4158,86854,4158,93,4159,112,170165,3.61247e+09
1734935615.5,4159,86855,4158,93,4159,111,170166,3.61252e+09
1734935618.5,4159,86855,4158,88,4159,111,170166,3.61252e+09
1734935619.5,4158,86856,4158,87,4159,111,170166,3.61256e+09
1734935620.0,4159,86858,4158,86,4159,110,170168,3.61264e+09
1734935621.5,4159,86858,4158,86,4159,111,170168,3.61264e+09
1734935626.0,4159,86858,4158,86,4159,110,170168,3.61264e+09
1734935626.5,4159,86858,4158,86,4159,111,170168,3.61264e+09
1734935629.0,4159,86860,4158,86,4159,109,170170,3.61272e+09
1734935631.5,4159,86860,4158,87,4159,109,170170,3.61272e+09
1734935632.0,4159,86860,4158,87,4159,110,170170,3.61272e+09
1734935632.5,4159,86860,4158,87,4159,115,170170,3.61272e+09
1734935635.5,4159,86861,4158,87,4159,114,170171,3.61277e+09
1734935636.0,4158,86864,4158,67,4159,117,170171,3.61289e+09
1734935636.5,4159,86865,4158,66,4159,116,170172,3.61293e+09
1734935637.0,4159,86866,4158,66,4159,115,170173,3.61297e+09
1734935637.5,4159,86866,4158,67,4159,115,170173,3.61297e+09
1734935638.0,4159,86866,4158,70,4159,115,170173,3.61297e+09
1734935638.5,4159,86868,4158,70,4159,113,170173,3.61306e+09
1734935642.5,4159,86868,4158,70,4159,114,170173,3.61306e+09
1734935643.0,4159,86868,4158,72,4159,114,170173,3.61306e+09
1734935643.5,4159,86868,4158,73,4159,117,170173,3.61306e+09
1734935644.0,4159,86868,4158,74,4159,117,170173,3.61306e+09
1734935644.5,4158,86869,4158,73,4159,116,170173,3.6131e+09
1734935645.0,4158,86869,4158,73,4159,117,170173,3.6131e+09
1734935647.5,4158,86869,4158,73,4159,122,170173,3.6131e+09
1734935648.0,4158,86869,4158,74,4159,123,170173,3.6131e+09
1734935652.5,4158,86869,4158,74,4159,124,170173,3.6131e+09
1734935653.0,4158,86869,4158,77,4159,125,170173,3.6131e+09
1734935656.0,4158,86870,4158,76,4159,125,170173,3.61314e+09
1734935656.5,4158,86873,4158,74,4159,126,170174,3.61326e+09
1734935659.0,4158,86874,4158,76,4159,125,170174,3.61331e+09
1734935659.5,4158,86874,4158,76,4159,126,170174,3.61331e+09
1734935660.5,4159,86878,4158,76,4159,122,170176,3.61347e+09
1734935661.0,4159,86878,4158,76,4159,127,170176,3.61347e+09
1734935661.5,4159,86878,4158,76,4159,128,170176,3.61347e+09
1734935662.0,4159,86878,4158,76,4159,129,170176,3.61347e+09
1734935663.5,4159,86881,4158,76,4159,126,170178,3.6136e+09
1734935666.0,4159,86881,4158,77,4159,126,170178,3.6136e+09
1734935668.0,4159,86881,4158,78,4159,126,170178,3.6136e+09
1734935669.0,4159,86931,4158,78,4159,76,170222,3.61568e+09
1734935669.5,4159,86931,4158,72,4159,76,170222,3.61568e+09
1734935670.0,4159,86931,4158,75,4159,76,170222,3.61568e+09
1734935670.5,4159,86931,4158,76,4159,76,170222,3.61568e+09
1734935672.5,4159,86932,4158,76,4159,61,170221,3.61572e+09
1734935673.0,4159,86932,4158,81,4159,60,170221,3.61572e+09
1734935673.5,4159,86941,4158,81,4159,51,170229,3.61609e+09
1734935674.0,4159,86941,4158,82,4159,55,170229,3.61609e+09
1734935679.0,4159,86941,4158,82,4159,54,170229,3.61609e+09
1734935679.5,4159,86951,4158,82,4159,50,170226,3.61651e+09
1734935683.5,4159,86951,4158,83,4159,50,170226,3.61651e+09
1734935685.5,4159,86951,4158,83,4159,51,170226,3.61651e+09
1734935686.0,4159,86951,4158,83,4159,56,170226,3.61651e+09
1734935687.5,4159,86951,4158,83,4159,106,170226,3.61651e+09
1734935691.5,4159,86951,4158,82,4159,106,170226,3.61651e+09
1734935692.0,4159,86951,4158,82,4159,109,170226,3.61651e+09
1734935695.5,4159,86951,4158,80,4159,109,170226,3.61651e+09
1734935696.0,4159,86953,4158,80,4159,107,170226,3.61659e+09
1734935696.5,4159,86953,4158,79,4159,109,170226,3.61659e+09
1734935697.0,4159,86954,4158,79,4159,98,170226,3.61663e+09
1734935697.5,4159,86954,4158,79,4159,99,170226,3.61663e+09
1734935700.0,4159,86959,4158,91,4159,94,170226,3.61684e+09
1734935700.5,4159,86959,4158,91,4159,93,170226,3.61684e+09
1734935701.5,4159,86960,4158,90,4159,92,170225,3.61688e+09
1734935703.5,4159,86960,4158,91,4159,92,170225,3.61688e+09
1734935705.0,4159,86960,4158,91,4159,97,170225,3.61688e+09
1734935706.0,4159,86960,4158,90,4159,97,170225,3.61688e+09
1734935706.5,4159,86960,4158,91,4159,98,170225,3.61688e+09
1734935707.0,4158,86962,4158,89,4159,131,170225,3.61697e+09
1734935707.5,4158,86962,4158,37,4159,131,170225,3.61697e+09
1734935708.0,4158,87003,4157,97,4158,9,170240,3.61867e+09
1734935708.5,4158,87009,4157,87,4158,24,170240,3.61892e+09
1734935709.0,4158,87009,4157,55,4158,28,170240,3.61892e+09
1734935710.5,4158,87014,4157,87,4158,23,170242,3.61913e+09
1734935711.0,4158,87015,4157,86,4158,6,170242,3.61917e+09
1734935711.5,4158,87015,4157,86,4158,11,170242,3.61917e+09
1734935712.0,4158,87015,4157,86,4158,18,170242,3.61917e+09
1734935712.5,4158,87015,4157,90,4158,19,170242,3.61917e+09
1734935713.0,4158,87016,4157,90,4158,18,170242,3.61921e+09
1734935713.5,4158,87026,4157,90,4158,12,170238,3.61963e+09
1734935714.0,4158,87026,4157,91,4158,12,170238,3.61963e+09
1734935717.5,4158,87026,4157,91,4158,18,170238,3.61963e+09
1734935718.0,4158,87026,4157,107,4158,18,170238,3.61963e+09
1734935720.5,4157,87027,4157,106,4158,18,170238,3.61967e+09
1734935721.0,4157,87027,4157,106,4158,15,170238,3.61967e+09
1734935721.5,4157,87027,4157,106,4158,16,170238,3.61967e+09
1734935722.0,4157,87027,4157,106,4158,17,170238,3.61967e+09
1734935722.5,4157,87027,4157,106,4158,18,170238,3.61967e+09
1734935724.5,4157,87027,4157,106,4158,19,170238,3.61967e+09
1734935725.0,4157,87027,4157,106,4158,20,170238,3.61967e+09
1734935726.0,4157,87027,4157,106,4158,21,170238,3.61967e+09
1734935728.5,4157,87027,4157,106,4158,22,170238,3.61967e+09
1734935729.0,4157,87027,4157,106,4158,23,170238,3.61967e+09
1734935731.5,4157,87027,4157,106,4158,24,170238,3.61967e+09
1734935733.0,4157,87027,4157,106,4158,26,170238,3.61967e+09
1734935734.0,4158,87037,4157,74,4158,48,170245,3.62008e+09
1734935734.5,4158,87037,4157,74,4158,51,170245,3.62008e+09
1734935735.0,4158,87037,4157,74,4158,55,170245,3.62008e+09
1734935735.5,4158,87037,4157,74,4158,56,170245,3.62008e+09
1734935739.0,4157,87039,4157,72,4158,57,170247,3.62017e+09
1734935746.5,4158,87040,4157,72,4158,56,170248,3.62021e+09
1734935748.5,4158,87040,4157,73,4158,56,170248,3.62021e+09
1734935753.0,4158,87040,4157,73,4158,57,170248,3.62021e+09
1734935753.5,4158,87040,4157,73,4158,58,170248,3.62021e+09
1734935756.0,4158,87040,4157,73,4158,59,170248,3.62021e+09
1734935756.5,4158,87041,4157,73,4158,58,170249,3.62025e+09
1734935758.0,4158,87041,4157,73,4158,56,170249,3.62025e+09
1734935760.5,4158,87041,4157,73,4158,77,170249,3.62025e+09
1734935762.5,4158,87041,4157,53,4158,77,170249,3.62025e+09
1734935763.0,4158,87041,4157,51,4158,82,170249,3.62025e+09
1734935763.5,4158,87041,4157,64,4158,82,170249,3.62025e+09
1734935766.5,4157,87043,4157,62,4158,82,170251,3.62033e+09
1734935767.0,4157,87043,4157,65,4158,82,170251,3.62033e+09
1734935767.5,4157,87043,4157,65,4158,85,170251,3.62033e+09
1734935769.0,4157,87044,4157,64,4158,85,170250,3.62038e+09
1734935771.5,4157,87044,4157,64,4158,84,170250,3.62038e+09
1734935772.0,4157,87045,4157,63,4158,85,170250,3.62042e+09
1734935772.5,4157,87048,4157,60,4158,85,170250,3.62054e+09
1734935773.0,4157,87048,4157,60,4158,86,170250,3.62054e+09
1734935774.5,4157,87048,4157,60,4158,88,170250,3.62054e+09
1734935775.0,4157,87048,4157,60,4158,91,170250,3.62054e+09
1734935775.5,4157,87048,4157,60,4158,90,170250,3.62054e+09
1734935776.0,4157,87049,4157,59,4158,89,170251,3.62058e+09
1734935776.5,4157,87050,4157,58,4158,88,170252,3.62063e+09
1734935777.5,4157,87056,4157,52,4158,93,170258,3.62087e+09
1734935778.0,4157,87056,4157,52,4158,94,170258,3.62087e+09
1734935779.0,4157,87056,4157,51,4158,94,170258,3.62087e+09
1734935779.5,4157,87057,4157,50,4158,94,170259,3.62092e+09
1734935781.5,4157,87057,4157,53,4158,94,170259,3.62092e+09
1734935782.0,4157,87057,4157,53,4158,96,170259,3.62092e+09
1734935783.0,4157,87063,4157,47,4158,96,170265,3.62117e+09
1734935783.5,4157,87064,4157,46,4158,97,170265,3.62121e+09
1734935784.0,4157,87064,4157,46,4158,99,170265,3.62121e+09
1734935785.5,4157,87064,4157,46,4158,100,170265,3.62121e+09
1734935786.0,4157,87064,4157,47,4158,100,170265,3.62121e+09
1734935787.0,4157,87111,4157,12,4158,100,170291,3.62316e+09
1734935787.5,4157,87134,4157,5,4158,125,170279,3.62412e+09
1734935788.0,4157,87142,4156,113,4157,5,170276,3.62445e+09
1734935788.5,4157,87161,4156,110,4157,23,170276,3.62524e+09
1734935789.0,4157,87161,4156,114,4157,46,170276,3.62524e+09
1734935789.5,4157,87161,4156,114,4157,49,170276,3.62524e+09
1734935790.0,4156,87162,4156,80,4157,50,170275,3.62528e+09
1734935790.5,4156,87162,4156,80,4157,56,170275,3.62528e+09
1734935791.0,4156,87162,4156,80,4157,57,170275,3.62528e+09
1734935795.0,4156,87162,4156,80,4157,58,170275,3.62528e+09
1734935795.5,4157,87174,4156,78,4157,59,170283,3.62578e+09
1734935796.0,4157,87174,4156,78,4157,60,170283,3.62578e+09
1734935799.5,4157,87174,4156,78,4157,62,170283,3.62578e+09
1734935800.5,4157,87174,4156,78,4157,63,170283,3.62578e+09
1734935801.0,4156,87175,4156,77,4157,64,170283,3.62582e+09
1734935802.5,4156,87175,4156,77,4157,65,170283,3.62582e+09
1734935806.0,4156,87175,4156,77,4157,66,170283,3.62582e+09
1734935807.0,4156,87175,4156,77,4157,88,170283,3.62582e+09
1734935807.5,4156,87175,4156,74,4157,88,170283,3.62582e+09
1734935808.0,4156,87175,4156,74,4157,89,170283,3.62582e+09
1734935815.5,4156,87175,4156,74,4157,90,170283,3.62582e+09
1734935822.5,4156,87175,4156,75,4157,90,170283,3.62582e+09
1734935823.0,4156,87175,4156,76,4157,90,170283,3.62582e+09
1734935824.5,4157,87181,4156,76,4157,84,170289,3.62607e+09
1734935825.0,4157,87181,4156,77,4157,87,170289,3.62607e+09
1734935825.5,4157,87181,4156,77,4157,88,170289,3.62607e+09
1734935830.0,4157,87181,4156,77,4157,91,170289,3.62607e+09
1734935830.5,4157,87181,4156,79,4157,92,170289,3.62607e+09
1734935831.0,4157,87181,4156,79,4157,93,170289,3.62607e+09
1734935832.5,4157,87181,4156,79,4157,94,170289,3.62607e+09
1734935834.0,4157,87181,4156,82,4157,94,170289,3.62607e+09
1734935834.5,4157,87181,4156,82,4157,95,170289,3.62607e+09
1734935835.0,4156,87193,4156,54,4157,97,170277,3.62657e+09
1734935835.5,4156,87193,4156,57,4157,97,170277,3.62657e+09
1734935837.0,4156,87193,4156,57,4157,98,170277,3.62657e+09
1734935838.0,4156,87193,4156,59,4157,98,170277,3.62657e+09
1734935838.5,4156,87193,4156,59,4157,99,170277,3.62657e+09
1734935841.0,4156,87194,4156,58,4157,99,170277,3.62661e+09
1734935841.5,4156,87198,4156,54,4157,99,170273,3.62678e+09
1734935842.5,4156,87199,4156,53,4157,99,170272,3.62682e+09
1734935854.0,4156,87202,4156,53,4157,99,170274,3.62694e+09
1734935854.5,4157,87205,4156,53,4157,104,170273,3.62707e+09
1734935860.0,4157,87205,4156,75,4157,104,170273,3.62707e+09
1734935860.5,4157,87208,4156,133,4157,79,170270,3.62719e+09
1734935861.0,4157,87208,4156,127,4157,80,170270,3.62719e+09
1734935861.5,4157,87214,4156,127,4157,76,170275,3.62744e+09
1734935865.0,4157,87215,4156,127,4157,75,170276,3.62748e+09
1734935865.5,4157,87215,4156,133,4157,75,170276,3.62748e+09
1734935867.0,4157,87215,4156,133,4157,76,170276,3.62748e+09
1734935868.5,4157,87216,4156,133,4157,75,170277,3.62753e+09
1734935870.5,4157,87216,4156,132,4157,75,170277,3.62753e+09
1734935873.0,4157,87216,4156,132,4157,86,170277,3.62753e+09
1734935873.5,4157,87216,4156,132,4157,87,170277,3.62753e+09
1734935877.0,4156,87217,4156,131,4157,87,170277,3.62757e+09
1734935877.5,4156,87217,4156,132,4157,87,170277,3.62757e+09
1734935878.5,4156,87217,4156,132,4157,95,170277,3.62757e+09
1734935880.0,4156,87217,4156,137,4157,94,170277,3.62757e+09
1734935883.0,4156,87217,4156,136,4157,94,170277,3.62757e+09
1734935883.5,4156,87217,4156,138,4157,94,170277,3.62757e+09
1734935884.0,4156,87217,4156,138,4157,95,170277,3.62757e+09
1734935888.0,4156,87217,4156,138,4157,96,170277,3.62757e+09
1734935889.0,4156,87217,4156,138,4157,97,170277,3.62757e+09
1734935893.0,4157,87219,4156,138,4157,95,170277,3.62765e+09
1734935893.5,4157,87219,4156,138,4157,99,170277,3.62765e+09
1734935899.5,4157,87219,4156,138,4157,103,170277,3.62765e+09
1734935900.0,4157,87219,4156,140,4157,104,170277,3.62765e+09
1734935902.0,4157,87219,4156,145,4157,99,170277,3.62765e+09
1734935903.0,4157,87219,4156,145,4157,97,170277,3.62765e+09
1734935905.5,4157,87219,4156,145,4157,96,170277,3.62765e+09
1734935906.0,4157,87219,4156,145,4157,100,170277,3.62765e+09
1734935907.0,4157,87219,4156,145,4157,103,170277,3.62765e+09
1734935907.5,4157,87219,4156,147,4157,104,170277,3.62765e+09
1734935908.0,4157,87219,4156,147,4157,103,170277,3.62765e+09
1734935909.5,4156,87221,4156,145,4157,103,170277,3.62773e+09
1734935910.0,4156,87221,4156,147,4157,103,170277,3.62773e+09
1734935919.5,4156,87228,4156,140,4157,110,170277,3.62802e+09
1734935920.0,4157,87233,4156,140,4157,115,170277,3.62823e+09
1734935920.5,4156,87234,4156,139,4157,115,170276,3.62827e+09
1734935923.0,4156,87234,4156,139,4157,123,170276,3.62827e+09
1734935924.0,4156,87236,4156,137,4157,123,170274,3.62836e+09
1734935926.5,4156,87237,4156,136,4157,123,170275,3.6284e+09
1734935931.0,4156,87237,4156,136,4157,124,170275,3.6284e+09
1734935933.0,4157,87240,4156,136,4157,121,170275,3.62852e+09
1734935934.0,4157,87240,4156,136,4157,122,170275,3.62852e+09
1734935936.5,4157,87240,4156,131,4157,122,170275,3.62852e+09
1734935944.5,4156,87241,4156,130,4157,122,170276,3.62856e+09
1734935945.0,4156,87241,4156,132,4157,123,170276,3.62856e+09
1734935945.5,4156,87241,4156,133,4157,124,170276,3.62856e+09
1734935947.0,4156,87242,4156,132,4157,124,170277,3.62861e+09
1734935947.5,4156,87242,4156,132,4157,125,170277,3.62861e+09
1734935951.5,4156,87242,4156,132,4157,126,170277,3.62861e+09
1734935952.0,4156,87242,4156,132,4157,124,170277,3.62861e+09
1734935952.5,4156,87242,4156,132,4157,128,170277,3.62861e+09
1734935954.5,4156,87242,4156,133,4157,128,170277,3.62861e+09
1734935956.5,4156,87242,4156,133,4157,129,170277,3.62861e+09
1734935961.5,4156,87245,4156,130,4157,129,170277,3.62873e+09
1734935962.0,4157,87249,4156,130,4157,126,170277,3.6289e+09
1734935962.5,4157,87250,4156,130,4157,125,170278,3.62894e+09
1734935967.0,4156,87252,4156,128,4157,125,170278,3.62902e+09
1734935968.5,4156,87260,4156,120,4157,119,170286,3.62935e+09
1734935973.5,4156,87260,4156,122,4157,119,170286,3.62935e+09
1734935974.0,4157,87265,4156,122,4157,114,170281,3.62956e+09
1734935977.0,4156,87269,4156,118,4157,114,170280,3.62973e+09
1734935977.5,4156,87269,4156,121,4157,116,170280,3.62973e+09
1734935978.0,4156,87269,4156,121,4157,117,170280,3.62973e+09
1734935979.0,4156,87269,4156,121,4157,118,170280,3.62973e+09
1734935980.0,4157,87274,4156,121,4157,113,170281,3.62994e+09
1734935980.5,4157,87274,4156,126,4157,113,170281,3.62994e+09
1734935982.5,4157,87274,4156,126,4157,114,170281,3.62994e+09
1734935987.0,4157,87274,4156,126,4157,113,170281,3.62994e+09
1734935988.0,4156,87275,4156,125,4157,113,170281,3.62998e+09
1734935988.5,4156,87275,4156,122,4157,113,170281,3.62998e+09
1734935989.5,4156,87275,4156,127,4157,113,170281,3.62998e+09
1734935990.0,4156,87275,4156,128,4157,113,170281,3.62998e+09
1734935991.0,4156,87281,4156,122,4157,113,170281,3.63023e+09
1734935991.5,4157,87282,4156,122,4157,119,170281,3.63027e+09
1734935994.5,4156,87284,4156,120,4157,119,170281,3.63035e+09
1734935995.0,4156,87284,4156,117,4157,119,170281,3.63035e+09
1734935995.5,4157,87287,4156,116,4157,116,170281,3.63048e+09
1734935996.0,4157,87288,4156,116,4157,115,170281,3.63052e+09
1734936002.0,4156,87294,4156,110,4157,115,170281,3.63077e+09
1734936003.0,4156,87294,4156,110,4157,120,170281,3.63077e+09
1734936003.5,4156,87294,4156,110,4157,121,170281,3.63077e+09
1734936004.0,4156,87294,4156,110,4157,122,170281,3.63077e+09
1734936004.5,4156,87294,4156,110,4157,123,170281,3.63077e+09
1734936005.0,4156,87294,4156,110,4157,122,170281,3.63077e+09
1734936005.5,4156,87294,4156,110,4157,123,170281,3.63077e+09
1734936006.0,4157,87295,4156,110,4157,122,170281,3.63081e+09
1734936006.5,4157,87296,4156,111,4157,121,170280,3.63085e+09
1734936007.0,4157,87296,4156,111,4157,122,170280,3.63085e+09
1734936007.5,4157,87296,4156,112,4157,122,170280,3.63085e+09
1734936013.5,4157,87297,4156,112,4157,121,170280,3.63089e+09
1734936014.0,4157,87297,4156,112,4157,127,170280,3.63089e+09
1734936014.5,4157,87297,4156,112,4157,132,170280,3.63089e+09
1734936016.0,4157,87298,4156,112,4157,131,170280,3.63093e+09
1734936016.5,4156,87299,4156,111,4157,131,170279,3.63098e+09
1734936018.5,4156,87299,4156,115,4157,131,170279,3.63098e+09
1734936019.5,4156,87299,4156,116,4157,131,170279,3.63098e+09
1734936022.5,4156,87299,4156,116,4157,141,170279,3.63098e+09
1734936027.0,4156,87299,4156,116,4157,140,170279,3.63098e+09
1734936028.0,4156,87299,4156,117,4157,140,170279,3.63098e+09
1734936028.5,4157,87302,4156,117,4157,137,170280,3.6311e+09
1734936029.0,4156,87303,4156,116,4157,137,170279,3.63114e+09
1734936029.5,4157,87304,4156,116,4157,136,170280,3.63118e+09
1734936031.0,4156,87306,4156,114,4157,136,170278,3.63127e+09
1734936034.5,4156,87307,4156,113,4157,136,170277,3.63131e+09
1734936035.0,4157,87308,4156,113,4157,135,170277,3.63135e+09
1734936042.0,4157,87308,4156,128,4157,135,170277,3.63135e+09
1734936044.0,4156,87309,4156,127,4157,135,170277,3.63139e+09
1734936044.5,4157,87310,4156,127,4157,134,170278,3.63143e+09
1734936048.0,4157,87311,4156,127,4157,133,170277,3.63147e+09
1734936048.5,4157,87311,4156,128,4157,133,170277,3.63147e+09
1734936049.5,4157,87311,4156,128,4157,134,170277,3.63147e+09
1734936051.0,4157,87351,4156,161,4157,70,170263,3.63314e+09
1734936051.5,4157,87440,4157,55,4158,79,170288,3.63684e+09
1734936052.0,4157,87445,4157,86,4158,81,170283,3.63704e+09
1734936052.5,4158,87460,4157,87,4158,66,170285,3.63767e+09
1734936053.0,4158,87461,4157,87,4158,65,170285,3.63771e+09
1734936054.0,4158,87461,4157,89,4158,65,170285,3.63771e+09
1734936054.5,4158,87461,4157,82,4158,65,170285,3.63771e+09
1734936058.0,4157,87462,4157,81,4158,65,170285,3.63775e+09
1734936059.0,4158,87463,4157,81,4158,65,170284,3.63779e+09
1734936060.5,4158,87463,4157,82,4158,65,170284,3.63779e+09
1734936061.0,4158,87463,4157,90,4158,65,170284,3.63779e+09
1734936061.5,4158,87464,4157,90,4158,64,170284,3.63783e+09
1734936062.5,4158,87464,4157,90,4158,65,170284,3.63783e+09
1734936063.0,4158,87464,4157,90,4158,66,170284,3.63783e+09
1734936064.0,4158,87464,4157,88,4158,66,170284,3.63783e+09
1734936065.5,4157,87465,4157,87,4158,66,170284,3.63788e+09
1734936066.0,4157,87465,4157,89,4158,66,170284,3.63788e+09
1734936067.5,4157,87465,4157,89,4158,71,170284,3.63788e+09
1734936068.5,4157,87465,4157,89,4158,70,170284,3.63788e+09
1734936069.0,4157,87466,4157,89,4158,70,170284,3.63792e+09
1734936070.5,4157,87466,4157,89,4158,69,170284,3.63792e+09
1734936077.0,4158,87470,4157,89,4158,65,170284,3.63808e+09
1734936077.5,4158,87470,4157,89,4158,68,170284,3.63808e+09
1734936086.0,4157,87471,4157,88,4158,73,170283,3.63813e+09
1734936086.5,4158,87478,4157,88,4158,67,170276,3.63842e+09
1734936087.0,4158,87478,4157,88,4158,68,170276,3.63842e+09
1734936087.5,4158,87478,4157,88,4158,69,170276,3.63842e+09
1734936088.0,4158,87478,4157,88,4158,70,170276,3.63842e+09
1734936090.0,4158,87478,4157,90,4158,70,170276,3.63842e+09
1734936090.5,4158,87483,4157,90,4158,66,170271,3.63862e+09
1734936094.5,4158,87484,4157,90,4158,65,170271,3.63867e+09
1734936095.0,4158,87485,4157,90,4158,64,170272,3.63871e+09
1734936095.5,4158,87496,4157,85,4158,58,170268,3.63917e+09
1734936101.5,4157,87501,4157,80,4158,58,170263,3.63937e+09
1734936102.0,4157,87501,4157,80,4158,98,170263,3.63937e+09
1734936102.5,4157,87501,4157,32,4158,98,170263,3.63937e+09
1734936103.0,4157,87501,4157,22,4158,143,170263,3.63937e+09
1734936103.5,4157,87525,4156,165,4157,13,170266,3.64037e+09
1734936104.0,4157,87525,4156,160,4157,37,170266,3.64037e+09
1734936104.5,4157,87525,4156,160,4157,43,170266,3.64037e+09
1734936105.0,4157,87525,4156,154,4157,43,170266,3.64037e+09
1734936105.5,4157,87527,4156,153,4157,23,170266,3.64045e+09
1734936106.0,4157,87527,4156,154,4157,23,170266,3.64045e+09
1734936106.5,4157,87527,4156,154,4157,24,170266,3.64045e+09
1734936107.0,4157,87527,4156,154,4157,25,170266,3.64045e+09
1734936107.5,4157,87527,4156,154,4157,26,170266,3.64045e+09
1734936108.0,4157,87528,4156,154,4157,26,170266,3.6405e+09
1734936108.5,4157,87528,4156,160,4157,25,170266,3.6405e+09
1734936111.0,4157,87528,4156,160,4157,30,170266,3.6405e+09
1734936111.5,4157,87528,4156,161,4157,30,170266,3.6405e+09
1734936114.0,4157,87530,4156,161,4157,28,170264,3.64058e+09
1734936114.5,4157,87530,4156,160,4157,28,170264,3.64058e+09
1734936117.5,4157,87530,4156,161,4157,28,170264,3.64058e+09
1734936118.0,4157,87530,4156,161,4157,29,170264,3.64058e+09
1734936119.0,4157,87530,4156,162,4157,29,170264,3.64058e+09
1734936121.5,4157,87530,4156,156,4157,29,170264,3.64058e+09
1734936122.0,4157,87530,4156,121,4157,97,170264,3.64058e+09
1734936123.0,4157,87530,4156,122,4157,97,170264,3.64058e+09
1734936123.5,4157,87530,4156,122,4157,98,170264,3.64058e+09
1734936124.0,4157,87531,4156,123,4157,97,170265,3.64062e+09
1734936124.5,4157,87531,4156,124,4157,97,170265,3.64062e+09
1734936125.5,4157,87531,4156,124,4157,92,170265,3.64062e+09
1734936127.5,4157,87531,4156,124,4157,93,170265,3.64062e+09
1734936128.5,4156,87532,4156,124,4157,93,170265,3.64066e+09
1734936129.0,4157,87534,4156,124,4157,91,170265,3.64074e+09
1734936129.5,4156,87535,4156,123,4157,91,170265,3.64079e+09
1734936133.5,4157,87544,4156,123,4157,90,170270,3.64116e+09
1734936134.0,4157,87544,4156,123,4157,91,170270,3.64116e+09
1734936135.0,4157,87544,4156,123,4157,92,170270,3.64116e+09
1734936137.5,4157,87544,4156,123,4157,93,170270,3.64116e+09
1734936139.0,4157,87544,4156,123,4157,98,170270,3.64116e+09
1734936140.5,4157,87545,4156,123,4157,97,170270,3.6412e+09
1734936142.0,4157,87545,4156,123,4157,96,170270,3.6412e+09
1734936155.0,4156,87546,4156,122,4157,96,170270,3.64124e+09
1734936156.0,4156,87547,4156,121,4157,96,170270,3.64129e+09
1734936158.0,4157,87548,4156,121,4157,95,170271,3.64133e+09
1734936158.5,4157,87548,4156,121,4157,96,170271,3.64133e+09
1734936159.0,4157,87548,4156,121,4157,93,170271,3.64133e+09
1734936159.5,4157,87548,4156,121,4157,97,170271,3.64133e+09
1734936168.0,4157,87548,4156,121,4157,98,170271,3.64133e+09
1734936172.5,4157,87548,4156,121,4157,99,170271,3.64133e+09
1734936175.5,4157,87548,4156,121,4157,94,170271,3.64133e+09
1734936181.0,4157,87548,4156,121,4157,95,170271,3.64133e+09
1734936181.5,4157,87548,4156,121,4157,96,170271,3.64133e+09
1734936182.0,4157,87548,4156,122,4157,97,170271,3.64133e+09
1734936182.5,4157,87548,4156,122,4157,98,170271,3.64133e+09
1734936183.0,4157,87548,4156,122,4157,104,170271,3.64133e+09
1734936183.5,4157,87548,4156,121,4157,104,170271,3.64133e+09
1734936184.0,4157,87548,4156,118,4157,104,170271,3.64133e+09
1734936186.0,4157,87557,4156,112,4157,101,170269,3.6417e+09
1734936186.5,4157,87557,4156,111,4157,101,170269,3.6417e+09
1734936188.5,4157,87558,4156,112,4157,100,170269,3.64174e+09
1734936189.0,4157,87558,4156,113,4157,101,170269,3.64174e+09
1734936190.0,4157,87558,4156,113,4157,156,170269,3.64174e+09
1734936190.5,4157,87558,4156,112,4157,172,170269,3.64174e+09
1734936191.0,4157,87558,4156,120,4157,222,170269,3.64174e+09
1734936195.5,4157,87558,4156,121,4157,222,170269,3.64174e+09
1734936198.5,4157,87558,4156,128,4157,222,170269,3.64174e+09
1734936199.0,4157,87558,4156,128,4157,223,170269,3.64174e+09
1734936199.5,4157,87558,4156,128,4157,224,170269,3.64174e+09
1734936201.5,4157,87558,4156,129,4157,224,170269,3.64174e+09
1734936206.5,4156,87559,4156,128,4157,225,170270,3.64178e+09
1734936207.5,4156,87559,4156,129,4157,225,170270,3.64178e+09
1734936211.0,4156,87559,4156,129,4157,125,170270,3.64178e+09
1734936211.5,4157,87560,4156,120,4157,124,170270,3.64183e+09
1734936212.0,4157,87560,4156,120,4157,129,170270,3.64183e+09
1734936213.0,4157,87560,4156,120,4157,131,170270,3.64183e+09
1734936213.5,4157,87560,4156,120,4157,130,170270,3.64183e+09
1734936214.0,4157,87560,4156,120,4157,227,170270,3.64183e+09
1734936214.5,4157,87560,4156,129,4157,232,170270,3.64183e+09
1734936223.5,4157,87560,4156,129,4157,233,170270,3.64183e+09
1734936225.5,4157,87560,4156,129,4157,234,170270,3.64183e+09
1734936234.0,4156,87561,4156,128,4157,241,170271,3.64187e+09
1734936234.5,4157,87569,4156,128,4157,246,170274,3.6422e+09
1734936235.0,4157,87569,4156,128,4157,247,170274,3.6422e+09
1734936236.0,4157,87571,4156,127,4157,245,170274,3.64228e+09
1734936236.5,4157,87572,4156,126,4157,245,170275,3.64232e+09
1734936237.0,4157,87574,4156,126,4157,243,170276,3.64241e+09
1734936239.0,4157,87575,4156,126,4157,242,170276,3.64245e+09
1734936242.5,4156,87704,4155,189,4156,1,170240,3.64781e+09
1734936243.0,4155,87706,4155,181,4156,83,170240,3.64789e+09
1734936243.5,4155,87707,4155,145,4156,138,170239,3.64793e+09
1734936244.0,4155,87707,4155,143,4156,155,170239,3.64793e+09
1734936244.5,4155,87707,4155,143,4156,156,170239,3.64793e+09
1734936245.0,4155,87708,4155,142,4156,158,170238,3.64798e+09
1734936245.5,4155,87708,4155,142,4156,159,170238,3.64798e+09
1734936246.0,4155,87708,4155,146,4156,160,170238,3.64798e+09
1734936248.0,4156,87728,4155,146,4156,94,170238,3.64881e+09
1734936248.5,4156,87728,4155,146,4156,93,170238,3.64881e+09
1734936249.0,4156,87728,4155,147,4156,93,170238,3.64881e+09
1734936249.5,4156,87731,4155,146,4156,91,170237,3.64893e+09
1734936250.0,4156,87731,4155,147,4156,92,170237,3.64893e+09
1734936250.5,4156,87731,4155,147,4156,93,170237,3.64893e+09
1734936251.0,4156,87731,4155,148,4156,93,170237,3.64893e+09
1734936251.5,4156,87731,4155,148,4156,99,170237,3.64893e+09
1734936253.0,4156,87731,4155,148,4156,101,170237,3.64893e+09
1734936253.5,4156,87733,4155,149,4156,99,170237,3.64902e+09
1734936254.5,4156,87738,4155,149,4156,88,170242,3.64922e+09
1734936255.0,4155,87748,4155,186,4156,81,170236,3.64964e+09
1734936255.5,4155,87748,4155,190,4156,81,170236,3.64964e+09
1734936257.5,4155,87848,4155,51,4156,81,170216,3.65379e+09
1734936258.0,4155,87848,4155,52,4156,161,170216,3.65379e+09
1734936258.5,4155,87848,4155,52,4156,162,170216,3.65379e+09
1734936259.0,4155,87848,4155,52,4156,160,170216,3.65379e+09
1734936260.0,4155,87848,4155,53,4156,160,170216,3.65379e+09
1734936260.5,4155,87848,4155,54,4156,160,170216,3.65379e+09
1734936261.0,4155,87848,4155,80,4156,160,170216,3.65379e+09
1734936261.5,4156,87853,4155,118,4156,117,170216,3.654e+09
1734936262.0,4156,87853,4155,120,4156,88,170216,3.654e+09
1734936262.5,4156,87853,4155,121,4156,88,170216,3.654e+09
1734936263.0,4156,87856,4155,120,4156,86,170218,3.65413e+09
1734936263.5,4156,87856,4155,120,4156,87,170218,3.65413e+09
1734936264.0,4156,87856,4155,121,4156,88,170218,3.65413e+09
1734936266.5,4156,87856,4155,122,4156,90,170218,3.65413e+09
1734936267.0,4156,87856,4155,122,4156,91,170218,3.65413e+09
1734936267.5,4156,87857,4155,122,4156,90,170219,3.65417e+09
1734936268.0,4156,87861,4155,122,4156,86,170218,3.65433e+09
1734936270.0,4156,87861,4155,122,4156,90,170218,3.65433e+09
1734936270.5,4155,87868,4155,121,4156,84,170218,3.65462e+09
1734936271.0,4155,87868,4155,121,4156,81,170218,3.65462e+09
1734936272.5,4155,87868,4155,121,4156,82,170218,3.65462e+09
1734936274.0,4156,87869,4155,122,4156,81,170218,3.65467e+09
1734936277.0,4156,87870,4155,121,4156,79,170218,3.65471e+09
1734936277.5,4156,87872,4155,121,4156,77,170216,3.65479e+09
1734936278.0,4156,87873,4155,121,4156,76,170215,3.65483e+09
1734936279.0,4156,87874,4155,120,4156,75,170215,3.65487e+09
1734936279.5,4156,87874,4155,120,4156,73,170215,3.65487e+09
1734936281.0,4155,87875,4155,119,4156,73,170215,3.65492e+09
1734936281.5,4155,87875,4155,120,4156,73,170215,3.65492e+09
1734936282.5,4155,87885,4155,110,4156,74,170215,3.65533e+09
1734936284.0,4155,87885,4155,110,4156,68,170215,3.65533e+09
1734936284.5,4155,87886,4155,109,4156,68,170215,3.65537e+09
1734936286.0,4155,87887,4155,108,4156,69,170214,3.65541e+09
1734936288.0,4155,87888,4155,107,4156,69,170214,3.65546e+09
1734936289.0,4155,87891,4155,104,4156,69,170214,3.65558e+09
1734936290.0,4155,87891,4155,104,4156,70,170214,3.65558e+09
1734936291.5,4155,87891,4155,105,4156,70,170214,3.65558e+09
1734936293.5,4155,87891,4155,110,4156,70,170214,3.65558e+09
1734936294.0,4155,87891,4155,110,4156,72,170214,3.65558e+09
1734936295.0,4155,87891,4155,111,4156,72,170214,3.65558e+09
1734936295.5,4155,87891,4155,110,4156,72,170214,3.65558e+09
1734936296.0,4156,87892,4155,110,4156,71,170214,3.65562e+09
1734936296.5,4156,87892,4155,109,4156,71,170214,3.65562e+09
1734936297.0,4155,87895,4155,107,4156,70,170216,3.65575e+09
1734936298.5,4155,87895,4155,107,4156,120,170216,3.65575e+09
1734936299.0,4155,87895,4155,107,4156,170,170216,3.65575e+09
1734936299.5,4155,87899,4155,103,4156,169,170216,3.65591e+09
1734936300.0,4155,87899,4155,104,4156,168,170216,3.65591e+09
1734936300.5,4155,87914,4155,89,4156,168,170211,3.65654e+09
1734936301.0,4155,87914,4155,51,4156,168,170211,3.65654e+09
1734936301.5,4155,87919,4155,20,4156,168,170216,3.65674e+09
1734936302.0,4155,87919,4155,23,4156,185,170216,3.65674e+09
1734936302.5,4156,87928,4155,23,4156,176,170216,3.65712e+09
1734936303.0,4155,87929,4155,27,4156,176,170217,3.65716e+09
1734936303.5,4155,87929,4155,28,4156,174,170217,3.65716e+09
1734936305.0,4155,87929,4155,78,4156,174,170217,3.65716e+09
1734936305.5,4156,87931,4155,116,4156,172,170217,3.65724e+09
1734936306.0,4156,87932,4155,115,4156,171,170217,3.65728e+09
1734936306.5,4156,87932,4155,118,4156,171,170217,3.65728e+09
1734936307.5,4155,87933,4155,117,4156,171,170218,3.65733e+09
1734936310.0,4155,87935,4155,115,4156,171,170220,3.65741e+09
1734936310.5,4155,87935,4155,116,4156,176,170220,3.65741e+09
1734936312.5,4155,87935,4155,120,4156,176,170220,3.65741e+09
1734936313.0,4155,87935,4155,120,4156,170,170220,3.65741e+09
1734936313.5,4155,87936,4155,124,4156,177,170220,3.65745e+09
1734936314.0,4156,87939,4155,124,4156,174,170217,3.65758e+09
1734936315.0,4155,87952,4155,111,4156,174,170217,3.65812e+09
1734936315.5,4155,87952,4155,139,4156,174,170217,3.65812e+09
1734936316.0,4155,87954,4155,137,4156,174,170219,3.6582e+09
1734936316.5,4155,87954,4155,151,4156,174,170219,3.6582e+09
1734936317.5,4155,87954,4155,151,4156,172,170219,3.6582e+09
1734936318.5,4156,87955,4155,151,4156,171,170218,3.65824e+09
1734936319.5,4155,87956,4155,150,4156,121,170218,3.65828e+09
1734936320.0,4155,87956,4155,151,4156,74,170218,3.65828e+09
1734936320.5,4156,87959,4155,149,4156,71,170218,3.65841e+09
1734936321.0,4156,87962,4155,168,4156,68,170215,3.65853e+09
1734936321.5,4156,87963,4155,168,4156,67,170214,3.65857e+09
1734936322.0,4156,87963,4155,168,4156,117,170214,3.65857e+09
1734936322.5,4156,87968,4155,168,4156,162,170211,3.65878e+09
1734936323.5,4155,87969,4155,167,4156,162,170212,3.65882e+09
1734936324.0,4155,87972,4155,164,4156,162,170212,3.65895e+09
1734936328.5,4156,87973,4155,164,4156,161,170211,3.65899e+09
1734936330.5,4156,87973,4155,177,4156,161,170211,3.65899e+09
1734936331.0,4156,87973,4155,178,4156,161,170211,3.65899e+09
1734936331.5,4156,87973,4155,179,4156,162,170211,3.65899e+09
1734936333.5,4156,87978,4155,179,4156,157,170211,3.6592e+09
1734936334.0,4156,87978,4155,179,4156,158,170211,3.6592e+09
1734936335.0,4155,87983,4155,174,4156,158,170216,3.6594e+09
1734936335.5,4156,87984,4155,174,4156,157,170215,3.65945e+09
1734936336.0,4156,87984,4155,215,4156,158,170215,3.65945e+09
1734936336.5,4156,87984,4155,218,4156,158,170215,3.65945e+09
1734936338.5,4155,87986,4155,216,4156,156,170217,3.65953e+09
1734936339.0,4155,87986,4155,216,4156,157,170217,3.65953e+09
1734936341.5,4155,88011,4155,191,4156,157,170217,3.66057e+09
1734936342.0,4156,88018,4155,185,4156,156,170222,3.66086e+09
1734936342.5,4156,88018,4155,184,4156,156,170222,3.66086e+09
1734936343.0,4156,88019,4155,184,4156,155,170222,3.6609e+09
1734936343.5,4156,88019,4155,192,4156,155,170222,3.6609e+09
1734936345.0,4155,88023,4155,188,4156,155,170226,3.66107e+09
1734936345.5,4156,88027,4155,188,4156,151,170223,3.66123e+09
1734936347.0,4155,88034,4155,181,4156,151,170230,3.66152e+09
1734936347.5,4155,88034,4155,181,4156,152,170230,3.66152e+09
1734936349.5,4156,88035,4155,182,4156,152,170231,3.66156e+09
1734936354.5,4155,88036,4155,181,4156,152,170232,3.66161e+09
1734936355.0,4155,88036,4155,181,4156,151,170232,3.66161e+09
1734936355.5,4155,88036,4155,181,4156,152,170232,3.66161e+09
1734936357.0,4155,88036,4155,181,4156,153,170232,3.66161e+09
1734936357.5,4155,88036,4155,181,4156,152,170232,3.66161e+09
1734936359.0,4156,88037,4155,181,4156,151,170231,3.66165e+09
1734936359.5,4155,88038,4155,180,4156,151,170231,3.66169e+09
1734936360.0,4155,88038,4155,179,4156,151,170231,3.66169e+09
1734936360.5,4155,88039,4155,178,4156,151,170231,3.66173e+09
1734936361.0,4156,88040,4155,178,4156,150,170231,3.66177e+09
1734936364.0,4156,88041,4155,180,4156,49,170231,3.66181e+09
1734936364.5,4156,88062,4155,180,4156,43,170217,3.66269e+09
1734936365.0,4155,88110,4155,140,4156,43,170171,3.66468e+09
1734936365.5,4156,88115,4155,140,4156,76,170166,3.66489e+09
1734936366.5,4155,88215,4155,39,4156,125,170123,3.66904e+09
1734936367.0,4155,88258,4154,236,4155,7,170117,3.67083e+09
1734936367.5,4155,88266,4154,234,4155,12,170115,3.67116e+09
1734936368.0,4155,88266,4154,234,4155,14,170115,3.67116e+09
1734936368.5,4155,88266,4154,234,4155,16,170115,3.67116e+09
1734936369.0,4155,88266,4154,231,4155,16,170115,3.67116e+09
1734936369.5,4155,88269,4154,231,4155,13,170118,3.67129e+09
1734936370.0,4154,88280,4154,221,4155,12,170129,3.67174e+09
1734936370.5,4154,88287,4154,224,4155,12,170129,3.67204e+09
1734936371.5,4155,88288,4154,223,4155,12,170129,3.67208e+09
1734936372.0,4155,88300,4154,222,4155,9,170138,3.67258e+09
1734936372.5,4155,88332,4155,36,4156,142,170152,3.6739e+09
1734936373.0,4156,88350,4155,46,4156,122,170157,3.67465e+09
1734936373.5,4156,88360,4155,113,4156,63,170161,3.67507e+09
1734936374.0,4156,88363,4155,118,4156,65,170161,3.67519e+09
1734936375.0,4155,88364,4155,117,4156,65,170161,3.67523e+09
1734936377.0,4155,88364,4155,118,4156,65,170161,3.67523e+09
1734936377.5,4155,88364,4155,102,4156,65,170161,3.67523e+09
1734936380.5,4155,88364,4155,104,4156,65,170161,3.67523e+09
1734936381.0,4155,88365,4155,103,4156,65,170160,3.67528e+09
1734936381.5,4155,88366,4155,102,4156,65,170159,3.67532e+09
1734936382.0,4156,88368,4155,102,4156,63,170159,3.6754e+09
1734936383.5,4156,88368,4155,104,4156,63,170159,3.6754e+09
1734936384.5,4156,88373,4155,104,4156,60,170164,3.67561e+09
1734936386.0,4156,88373,4155,104,4156,55,170164,3.67561e+09
1734936389.5,4156,88373,4155,105,4156,55,170164,3.67561e+09
1734936390.0,4156,88375,4155,105,4156,40,170164,3.67569e+09
1734936390.5,4156,88376,4155,106,4156,44,170164,3.67573e+09
1734936392.5,4156,88379,4155,105,4156,41,170164,3.67586e+09
1734936394.5,4156,88379,4155,105,4156,61,170164,3.67586e+09
1734936395.0,4155,88380,4155,104,4156,99,170163,3.6759e+09
1734936396.0,4155,88420,4155,12,4156,140,170123,3.67756e+09
1734936396.5,4155,88434,4154,225,4155,5,170131,3.67814e+09
1734936397.0,4155,88434,4154,225,4155,2,170131,3.67814e+09
1734936399.0,4155,88436,4154,225,4156,148,170132,3.67823e+09
1734936399.5,4155,88436,4154,227,4156,148,170132,3.67823e+09
1734936400.0,4155,88436,4154,227,4156,148,170132,3.67823e+09
1734936400.5,4154,88438,4154,227,4156,147,170131,3.67831e+09
1734936401.0,4155,88441,4155,42,4156,145,170129,3.67843e+09
1734936401.5,4155,88441,4155,43,4156,145,170129,3.67843e+09
1734936402.0,4155,88441,4155,48,4156,135,170129,3.67843e+09
1734936402.5,4155,88441,4155,49,4156,135,170129,3.67843e+09
1734936405.0,4155,88441,4155,50,4156,135,170129,3.67843e+09
1734936407.0,4155,88441,4155,51,4156,135,170129,3.67843e+09
1734936407.5,4155,88442,4155,37,4156,185,170129,3.67848e+09
1734936408.0,4155,88451,4155,6,4156,185,170125,3.67885e+09
1734936408.5,4155,88457,4154,237,4156,185,170121,3.6791e+09
1734936411.0,4155,88457,4154,238,4156,185,170121,3.6791e+09
1734936412.0,4154,88458,4154,237,4156,185,170122,3.67914e+09
1734936412.5,4154,88458,4155,150,4156,185,170122,3.67914e+09
1734936413.0,4156,88460,4155,150,4156,183,170120,3.67922e+09
1734936413.5,4156,88460,4155,151,4156,183,170120,3.67922e+09
1734936414.5,4155,88461,4155,150,4156,183,170121,3.67927e+09
1734936415.0,4155,88462,4155,149,4156,183,170121,3.67931e+09
1734936415.5,4155,88462,4155,151,4156,183,170121,3.67931e+09
1734936421.0,4155,88464,4155,150,4156,184,170122,3.67939e+09
1734936422.0,4156,88468,4155,150,4156,180,170118,3.67956e+09
1734936422.5,4156,88468,4155,155,4156,180,170118,3.67956e+09
1734936423.0,4156,88468,4155,157,4156,185,170118,3.67956e+09
1734936423.5,4156,88468,4155,158,4156,185,170118,3.67956e+09
1734936424.0,4156,88468,4155,160,4156,185,170118,3.67956e+09
1734936424.5,4156,88468,4155,211,4156,186,170118,3.67956e+09
1734936425.0,4156,88468,4155,212,4156,117,170118,3.67956e+09
1734936425.5,4155,88469,4155,211,4156,117,170119,3.6796e+09
1734936426.0,4155,88469,4155,212,4156,117,170119,3.6796e+09
1734936427.0,4156,88505,4155,207,4156,86,170093,3.68109e+09
1734936427.5,4156,88591,4156,38,4157,88,170168,3.68467e+09
1734936428.0,4156,88591,4156,78,4157,89,170168,3.68467e+09
1734936428.5,4156,88592,4156,80,4157,97,170169,3.68471e+09
1734936429.0,4156,88593,4156,80,4157,97,170169,3.68475e+09
1734936431.5,4156,88594,4156,79,4157,97,170170,3.68479e+09
1734936432.0,4157,88599,4156,79,4157,141,170175,3.685e+09
1734936433.0,4156,88600,4156,80,4157,152,170175,3.68504e+09
1734936433.5,4156,88611,4156,78,4157,143,170173,3.6855e+09
1734936434.0,4156,88617,4156,14,4157,152,170168,3.68575e+09
1734936435.0,4156,88618,4156,13,4157,153,170169,3.68579e+09
1734936435.5,4156,88618,4156,16,4157,153,170169,3.68579e+09
1734936437.0,4156,88625,4156,9,4157,153,170170,3.68608e+09
1734936437.5,4156,88625,4156,9,4157,155,170170,3.68608e+09
1734936440.5,4157,88629,4156,8,4157,152,170171,3.68625e+09
1734936441.0,4157,88629,4156,14,4157,152,170171,3.68625e+09
1734936441.5,4157,88645,4156,18,4157,136,170166,3.68691e+09
1734936443.0,4156,88646,4156,19,4157,136,170167,3.68695e+09
1734936443.5,4156,88646,4156,20,4157,136,170167,3.68695e+09
1734936447.0,4156,88656,4156,10,4157,136,170174,3.68737e+09
1734936447.5,4156,88663,4155,285,4156,2,170170,3.68766e+09
1734936448.0,4156,88663,4155,241,4156,32,170170,3.68766e+09
1734936448.5,4156,88664,4155,241,4156,33,170169,3.6877e+09
1734936450.5,4156,88664,4155,242,4156,33,170169,3.6877e+09
1734936451.5,4156,88681,4156,4,4157,136,170180,3.68841e+09
1734936452.0,4156,88682,4156,3,4157,135,170180,3.68845e+09
1734936453.0,4156,88682,4156,7,4157,88,170180,3.68845e+09
1734936453.5,4156,88682,4156,10,4157,80,170180,3.68845e+09
1734936454.0,4156,88682,4156,10,4157,79,170180,3.68845e+09
1734936455.0,4156,88682,4156,10,4157,87,170180,3.68845e+09
1734936455.5,4156,88682,4156,10,4157,134,170180,3.68845e+09
1734936456.0,4157,88684,4156,3,4157,132,170180,3.68853e+09
1734936456.5,4156,88687,4155,245,4156,23,170180,3.68866e+09
1734936457.0,4156,88687,4155,242,4156,23,170180,3.68866e+09
1734936457.5,4156,88693,4155,242,4156,1,170174,3.68891e+09
1734936460.0,4155,88694,4155,241,4156,11,170174,3.68895e+09
1734936460.5,4155,88695,4155,240,4156,11,170175,3.68899e+09
1734936462.0,4156,88697,4155,240,4156,9,170175,3.68907e+09
1734936462.5,4156,88697,4155,240,4156,10,170175,3.68907e+09
1734936463.5,4156,88699,4155,240,4156,8,170175,3.68916e+09
1734936465.0,4155,88700,4155,239,4156,8,170176,3.6892e+09
1734936465.5,4156,88701,4155,238,4156,7,170175,3.68924e+09
1734936467.0,4156,88701,4155,238,4156,37,170175,3.68924e+09
1734936467.5,4156,88701,4155,238,4156,75,170175,3.68924e+09
1734936468.0,4156,88701,4155,238,4156,82,170175,3.68924e+09
1734936469.5,4156,88702,4155,238,4156,81,170175,3.68928e+09
1734936470.0,4156,88702,4155,239,4156,81,170175,3.68928e+09
1734936472.0,4155,88703,4155,238,4156,131,170176,3.68932e+09
1734936476.0,4155,88703,4155,238,4156,132,170176,3.68932e+09
1734936477.5,4156,88718,4155,238,4156,117,170185,3.68995e+09
1734936479.0,4156,88721,4155,238,4156,114,170185,3.69007e+09
1734936480.0,4156,88721,4155,238,4156,115,170185,3.69007e+09
1734936482.0,4156,88721,4155,237,4156,115,170185,3.69007e+09
1734936482.5,4156,88721,4155,242,4156,113,170185,3.69007e+09
1734936483.0,4156,88721,4155,244,4156,113,170185,3.69007e+09
1734936484.0,4156,88721,4155,245,4156,113,170185,3.69007e+09
1734936485.0,4155,88725,4155,242,4156,113,170186,3.69024e+09
1734936488.0,4155,88725,4155,242,4156,116,170186,3.69024e+09
1734936489.0,4155,88725,4155,242,4156,117,170186,3.69024e+09
1734936490.0,4156,88726,4155,242,4156,116,170187,3.69028e+09
1734936492.0,4156,88736,4155,242,4156,106,170197,3.69069e+09
1734936492.5,4155,88737,4155,292,4156,97,170197,3.69074e+09
1734936493.0,4155,88738,4155,291,4156,59,170197,3.69078e+09
1734936493.5,4156,88756,4155,329,4156,41,170179,3.69153e+09
1734936494.0,4156,88797,4156,45,4157,132,170184,3.69323e+09
1734936494.5,4156,88798,4156,39,4157,132,170184,3.69327e+09
1734936495.0,4156,88798,4156,42,4157,132,170184,3.69327e+09
1734936497.0,4156,88798,4156,42,4157,85,170184,3.69327e+09
1734936497.5,4156,88798,4156,71,4157,77,170184,3.69327e+09
1734936498.5,4156,88806,4156,63,4157,77,170187,3.6936e+09
1734936499.0,4156,88853,4156,16,4157,77,170158,3.69556e+09
1734936499.5,4155,88873,4155,268,4156,9,170146,3.69639e+09
1734936500.0,4155,88873,4155,268,4156,10,170146,3.69639e+09
1734936500.5,4155,88873,4155,269,4156,10,170146,3.69639e+09
1734936501.0,4155,88874,4155,270,4156,10,170146,3.69643e+09
1734936501.5,4155,88874,4155,270,4156,13,170146,3.69643e+09
1734936502.0,4156,88875,4155,270,4156,12,170146,3.69647e+09
1734936502.5,4156,88887,4156,7,4157,79,170152,3.69697e+09
1734936503.0,4156,88887,4156,43,4157,80,170152,3.69697e+09
1734936504.5,4156,88887,4156,47,4157,80,170152,3.69697e+09
1734936505.0,4156,88887,4156,49,4157,81,170152,3.69697e+09
1734936506.5,4156,88887,4156,49,4157,49,170152,3.69697e+09
1734936507.0,4157,88892,4156,87,4157,43,170157,3.69718e+09
1734936507.5,4157,88892,4156,86,4157,43,170157,3.69718e+09
1734936513.5,4157,88894,4156,86,4157,41,170157,3.69726e+09
1734936515.0,4157,88895,4156,86,4157,40,170157,3.6973e+09
1734936516.0,4156,88900,4156,81,4157,40,170157,3.69751e+09
1734936516.5,4157,88901,4156,81,4157,39,170158,3.69755e+09
1734936517.0,4157,88901,4156,80,4157,39,170158,3.69755e+09
1734936517.5,4157,88902,4156,80,4157,38,170159,3.69759e+09
1734936520.5,4156,88904,4156,79,4157,37,170158,3.69768e+09
1734936529.5,4156,88904,4156,79,4157,42,170158,3.69768e+09
1734936530.0,4156,88904,4156,79,4157,58,170158,3.69768e+09
1734936531.0,4156,88904,4156,40,4157,58,170158,3.69768e+09
1734936531.5,4156,88908,4156,36,4157,98,170157,3.69784e+09
1734936532.0,4156,88908,4156,39,4157,96,170157,3.69784e+09
1734936537.0,4156,88908,4156,40,4157,96,170157,3.69784e+09
1734936537.5,4156,88908,4156,41,4157,58,170157,3.69784e+09
1734936538.0,4156,88908,4156,40,4157,58,170157,3.69784e+09
1734936538.5,4156,88908,4156,40,4157,57,170157,3.69784e+09
1734936542.0,4156,88909,4156,41,4157,57,170157,3.69788e+09
1734936542.5,4156,88909,4156,42,4157,57,170157,3.69788e+09
1734936543.0,4156,88909,4156,81,4157,41,170157,3.69788e+09
1734936543.5,4156,88910,4156,80,4157,38,170157,3.69793e+09
1734936544.0,4156,88910,4156,80,4157,41,170157,3.69793e+09
1734936544.5,4156,88910,4156,84,4157,40,170157,3.69793e+09
1734936545.0,4157,88912,4156,79,4157,44,170158,3.69801e+09
1734936548.0,4157,88912,4156,79,4157,45,170158,3.69801e+09
1734936550.5,4157,88912,4156,91,4157,45,170158,3.69801e+09
1734936561.0,4156,88913,4156,90,4157,40,170157,3.69805e+09
1734936561.5,4157,88918,4156,93,4157,36,170157,3.69826e+09
1734936562.0,4157,88923,4156,93,4157,31,170158,3.69847e+09
1734936568.0,4157,88923,4156,93,4157,32,170158,3.69847e+09
1734936569.0,4157,88925,4156,93,4157,30,170158,3.69855e+09
1734936569.5,4157,88925,4156,95,4157,30,170158,3.69855e+09
1734936570.0,4156,88926,4156,94,4157,30,170157,3.69859e+09
1734936570.5,4156,88926,4156,94,4157,35,170157,3.69859e+09
1734936571.5,4156,88926,4156,104,4157,35,170157,3.69859e+09
1734936576.0,4157,88927,4156,104,4157,34,170157,3.69863e+09
1734936576.5,4157,88928,4156,103,4157,33,170156,3.69867e+09
1734936578.5,4156,88929,4156,102,4157,33,170155,3.69872e+09
1734936580.5,4156,88931,4156,101,4157,32,170154,3.6988e+09
1734936583.5,4157,88936,4156,101,4157,27,170149,3.69901e+09
1734936585.0,4156,88937,4156,100,4157,26,170149,3.69905e+09
1734936587.5,4156,88937,4156,101,4157,26,170149,3.69905e+09
1734936589.0,4158,89137,4157,31,4158,151,169991,3.70736e+09
1734936589.5,4157,89141,4157,73,4158,149,169988,3.70753e+09
1734936590.0,4157,89141,4157,77,4158,149,169988,3.70753e+09
1734936598.5,4157,89141,4157,78,4158,149,169988,3.70753e+09
1734936599.0,4157,89141,4157,80,4158,157,169988,3.70753e+09
1734936600.0,4157,89141,4157,80,4158,158,169988,3.70753e+09
1734936601.0,4158,89142,4157,80,4158,157,169987,3.70757e+09
1734936601.5,4158,89142,4157,80,4158,158,169987,3.70757e+09
1734936602.5,4157,89145,4157,77,4158,159,169984,3.7077e+09
1734936603.0,4157,89145,4157,106,4158,159,169984,3.7077e+09
1734936603.5,4157,89145,4157,109,4158,159,169984,3.7077e+09
1734936604.5,4157,89145,4157,110,4158,159,169984,3.7077e+09
1734936606.0,4158,89173,4157,82,4158,131,169984,3.70886e+09
1734936606.5,4158,89173,4157,84,4158,131,169984,3.70886e+09
1734936607.0,4158,89173,4157,85,4158,132,169984,3.70886e+09
1734936607.5,4158,89173,4157,86,4158,132,169984,3.70886e+09
1734936608.5,4158,89173,4157,91,4158,132,169984,3.70886e+09
1734936609.0,4158,89173,4157,91,4158,133,169984,3.70886e+09
1734936611.0,4158,89173,4157,92,4158,133,169984,3.70886e+09
1734936611.5,4158,89173,4157,92,4158,137,169984,3.70886e+09
1734936614.5,4158,89173,4157,92,4158,138,169984,3.70886e+09
1734936615.0,4158,89173,4157,93,4158,138,169984,3.70886e+09
1734936617.0,4158,89173,4157,97,4158,138,169984,3.70886e+09
1734936617.5,4158,89173,4157,99,4158,138,169984,3.70886e+09
1734936618.5,4158,89174,4157,99,4158,137,169984,3.7089e+09
1734936619.0,4158,89174,4157,103,4158,137,169984,3.7089e+09
1734936620.0,4158,89174,4157,104,4158,137,169984,3.7089e+09
1734936620.5,4158,89174,4157,104,4158,139,169984,3.7089e+09
1734936621.0,4157,89227,4157,101,4158,89,169931,3.71111e+09
1734936621.5,4158,89235,4157,95,4158,83,169923,3.71144e+09
1734936622.0,4158,89241,4157,100,4158,77,169923,3.71169e+09
1734936623.5,4158,89245,4157,101,4158,73,169923,3.71185e+09
1734936624.0,4157,89246,4157,101,4158,73,169923,3.7119e+09
1734936624.5,4158,89248,4157,99,4158,71,169922,3.71198e+09
1734936630.5,4157,89249,4157,98,4158,71,169921,3.71202e+09
1734936633.0,4158,89252,4157,98,4158,69,169918,3.71215e+09
1734936634.5,4158,89255,4157,98,4158,66,169915,3.71227e+09
1734936637.0,4158,89260,4157,98,4158,61,169910,3.71248e+09
1734936638.5,4158,89260,4157,98,4158,111,169910,3.71248e+09
1734936640.0,4158,89265,4157,98,4158,106,169905,3.71269e+09
1734936642.0,4158,89265,4157,98,4158,107,169905,3.71269e+09
1734936642.5,4158,89265,4157,99,4158,107,169905,3.71269e+09
1734936643.0,4158,89270,4157,99,4158,102,169902,3.71289e+09
1734936643.5,4158,89272,4157,105,4158,100,169902,3.71298e+09
1734936644.5,4158,89277,4157,100,4158,95,169907,3.71318e+09
1734936647.0,4158,89279,4157,100,4158,93,169909,3.71327e+09
1734936647.5,4158,89280,4157,100,4158,92,169909,3.71331e+09
1734936648.0,4158,89285,4157,100,4158,87,169910,3.71352e+09
1734936650.5,4158,89285,4157,101,4158,87,169910,3.71352e+09
1734936652.5,4158,89291,4157,101,4158,81,169910,3.71377e+09
1734936654.0,4158,89292,4157,101,4158,80,169909,3.71381e+09
1734936656.0,4158,89302,4157,101,4158,70,169899,3.71422e+09
1734936657.0,4158,89308,4157,101,4158,64,169900,3.71447e+09
1734936657.5,4158,89308,4157,101,4158,69,169900,3.71447e+09
1734936662.5,4158,89308,4157,100,4158,119,169900,3.71447e+09
1734936663.0,4158,89308,4157,96,4158,126,169900,3.71447e+09
1734936663.5,4157,89316,4157,89,4158,125,169900,3.71481e+09
1734936664.0,4157,89317,4157,88,4158,125,169899,3.71485e+09
1734936664.5,4157,89317,4157,89,4158,125,169899,3.71485e+09
1734936665.0,4157,89317,4157,89,4158,124,169899,3.71485e+09
1734936665.5,4157,89318,4157,95,4158,126,169898,3.71489e+09
1734936666.0,4157,89319,4157,94,4158,126,169898,3.71493e+09
1734936666.5,4157,89319,4157,95,4158,126,169898,3.71493e+09
1734936670.5,4158,89339,4157,95,4158,106,169900,3.71576e+09
1734936671.0,4158,89339,4157,149,4158,106,169900,3.71576e+09
1734936671.5,4158,89339,4157,149,4158,110,169900,3.71576e+09
1734936672.0,4158,89340,4157,149,4158,109,169899,3.7158e+09
1734936673.0,4158,89369,4157,149,4158,80,169870,3.71701e+09
1734936673.5,4158,89369,4157,149,4158,81,169870,3.71701e+09
1734936676.5,4158,89370,4157,149,4158,80,169870,3.71705e+09
1734936678.0,4157,89372,4157,147,4158,80,169868,3.71713e+09
1734936678.5,4157,89372,4157,148,4158,133,169868,3.71713e+09
1734936681.0,4157,89372,4157,149,4158,133,169868,3.71713e+09
1734936683.5,4157,89373,4157,148,4158,133,169868,3.71718e+09
1734936686.0,4157,89373,4157,148,4158,134,169868,3.71718e+09
1734936687.5,4158,89401,4157,148,4158,107,169840,3.71834e+09
1734936689.5,4158,89403,4157,148,4158,105,169838,3.71842e+09
1734936690.0,4158,89508,4158,20,4159,100,169850,3.72279e+09
1734936690.5,4158,89509,4158,62,4159,100,169850,3.72283e+09
1734936691.0,4158,89509,4158,75,4159,100,169850,3.72283e+09
1734936691.5,4158,89509,4158,76,4159,100,169850,3.72283e+09
1734936692.5,4159,89510,4158,76,4159,67,169850,3.72287e+09
1734936693.0,4159,89510,4158,124,4159,61,169850,3.72287e+09
1734936693.5,4159,89516,4158,127,4159,56,169850,3.72312e+09
1734936694.0,4159,89516,4158,127,4159,58,169850,3.72312e+09
1734936694.5,4159,89517,4158,127,4159,57,169850,3.72316e+09
1734936697.0,4159,89518,4158,127,4159,56,169849,3.72321e+09
1734936697.5,4158,89519,4158,126,4159,56,169850,3.72325e+09
1734936698.5,4159,89520,4158,126,4159,55,169850,3.72329e+09
1734936699.5,4159,89523,4158,126,4159,52,169850,3.72341e+09
1734936700.5,4159,89523,4158,129,4159,53,169850,3.72341e+09
1734936701.0,4159,89523,4158,135,4159,53,169850,3.72341e+09
1734936701.5,4159,89525,4158,135,4159,51,169851,3.7235e+09
1734936702.5,4159,89526,4158,138,4159,50,169851,3.72354e+09
1734936704.0,4159,89536,4158,138,4159,40,169844,3.72395e+09
1734936705.0,4159,89536,4158,138,4159,41,169844,3.72395e+09
1734936706.0,4159,89536,4158,138,4159,45,169844,3.72395e+09
1734936707.0,4159,89536,4158,144,4159,45,169844,3.72395e+09
1734936707.5,4159,89536,4158,144,4159,95,169844,3.72395e+09
1734936708.5,4159,89557,4158,171,4159,72,169844,3.72483e+09
1734936710.0,4159,89557,4158,172,4159,72,169844,3.72483e+09
1734936710.5,4159,89559,4158,172,4159,70,169842,3.72491e+09
1734936711.0,4159,89560,4158,172,4159,69,169842,3.72495e+09
1734936714.0,4159,89560,4158,174,4159,69,169842,3.72495e+09
1734936714.5,4159,89562,4158,172,4159,67,169842,3.72504e+09
1734936715.0,4159,89585,4158,172,4159,44,169845,3.72599e+09
1734936715.5,4159,89585,4158,172,4159,46,169845,3.72599e+09
1734936717.0,4159,89585,4158,172,4159,47,169845,3.72599e+09
1734936719.0,4159,89631,4159,9,4160,227,169812,3.72791e+09
1734936719.5,4159,89647,4158,128,4159,4,169810,3.72857e+09
1734936720.0,4159,89649,4158,128,4159,32,169812,3.72865e+09
1734936720.5,4159,89649,4158,127,4159,38,169812,3.72865e+09
1734936721.0,4159,89650,4158,128,4159,39,169813,3.7287e+09
1734936722.0,4159,89650,4158,129,4159,92,169813,3.7287e+09
1734936722.5,4159,89651,4158,130,4159,91,169813,3.72874e+09
1734936723.0,4159,89652,4158,139,4159,92,169813,3.72878e+09
1734936723.5,4159,89652,4158,143,4159,93,169813,3.72878e+09
1734936724.0,4159,89652,4158,145,4159,93,169813,3.72878e+09
1734936724.5,4158,89653,4158,145,4159,96,169814,3.72882e+09
1734936725.0,4158,89653,4158,146,4159,96,169814,3.72882e+09
1734936726.5,4158,89653,4158,156,4159,97,169814,3.72882e+09
1734936727.0,4158,89658,4158,151,4159,97,169819,3.72903e+09
1734936729.0,4159,89663,4158,151,4159,93,169823,3.72924e+09
1734936730.0,4159,89667,4158,151,4159,89,169822,3.7294e+09
1734936731.0,4159,89681,4158,151,4159,74,169822,3.72998e+09
1734936731.5,4159,89694,4158,132,4159,61,169832,3.73053e+09
1734936732.0,4159,89694,4158,132,4159,63,169832,3.73053e+09
1734936733.5,4159,89694,4158,135,4159,63,169832,3.73053e+09
1734936735.0,4159,89694,4158,135,4159,64,169832,3.73053e+09
1734936736.0,4158,89695,4158,134,4159,65,169833,3.73057e+09
1734936736.5,4158,89696,4158,133,4159,65,169833,3.73061e+09
1734936740.0,4158,89698,4158,131,4159,65,169833,3.73069e+09
1734936740.5,4158,89699,4158,130,4159,65,169833,3.73073e+09
1734936741.0,4158,89699,4158,130,4159,67,169833,3.73073e+09
1734936742.5,4158,89699,4158,130,4159,68,169833,3.73073e+09
1734936746.0,4159,89706,4158,96,4159,61,169833,3.73102e+09
1734936746.5,4159,89706,4158,96,4159,62,169833,3.73102e+09
1734936747.0,4159,89706,4158,96,4159,67,169833,3.73102e+09
1734936747.5,4158,89707,4158,95,4159,67,169834,3.73107e+09
1734936749.0,4158,89708,4158,94,4159,67,169835,3.73111e+09
1734936749.5,4159,89710,4158,94,4159,92,169835,3.73119e+09
1734936752.0,4159,89712,4158,94,4159,90,169834,3.73127e+09
1734936752.5,4159,89714,4158,94,4159,88,169836,3.73136e+09
1734936753.0,4159,89720,4158,89,4159,113,169835,3.73161e+09
1734936753.5,4158,89722,4158,67,4159,114,169834,3.73169e+09
1734936754.0,4158,89722,4158,70,4159,114,169834,3.73169e+09
1734936754.5,4158,89722,4158,71,4159,114,169834,3.73169e+09
1734936756.0,4158,89722,4158,71,4159,116,169834,3.73169e+09
1734936756.5,4158,89727,4158,66,4159,118,169834,3.7319e+09
1734936759.0,4159,89731,4158,66,4159,114,169835,3.73206e+09
1734936759.5,4158,89799,4157,68,4158,16,169816,3.73489e+09
1734936760.0,4158,89807,4157,97,4158,20,169811,3.73522e+09
1734936760.5,4158,89807,4157,111,4158,21,169811,3.73522e+09
1734936761.0,4157,89808,4157,110,4158,21,169812,3.73527e+09
1734936761.5,4157,89810,4157,108,4158,23,169812,3.73535e+09
1734936763.0,4157,89812,4157,106,4158,24,169814,3.73543e+09
1734936763.5,4157,89812,4157,106,4158,25,169814,3.73543e+09
1734936764.0,4157,89812,4157,106,4158,52,169814,3.73543e+09
1734936764.5,4157,89812,4157,106,4158,57,169814,3.73543e+09
1734936766.5,4157,89812,4157,106,4158,58,169814,3.73543e+09
1734936767.0,4157,89812,4157,106,4158,59,169814,3.73543e+09
1734936769.0,4157,89839,4157,70,4158,64,169805,3.73655e+09
1734936769.5,4157,89839,4157,68,4158,64,169805,3.73655e+09
1734936770.5,4158,89851,4157,68,4158,52,169805,3.73705e+09
1734936771.0,4157,89852,4157,94,4158,52,169805,3.7371e+09
1734936771.5,4157,89852,4157,94,4158,54,169805,3.7371e+09
1734936772.5,4157,89852,4157,67,4158,54,169805,3.7371e+09
1734936773.0,4158,89856,4157,67,4158,50,169805,3.73726e+09
1734936773.5,4158,89856,4157,68,4158,50,169805,3.73726e+09
1734936774.0,4158,89856,4157,69,4158,50,169805,3.73726e+09
1734936774.5,4158,89856,4157,96,4158,23,169805,3.73726e+09
1734936775.0,4158,89856,4157,96,4158,9,169805,3.73726e+09
1734936775.5,4157,89860,4157,95,4158,6,169806,3.73743e+09
1734936778.0,4157,89860,4157,96,4158,6,169806,3.73743e+09
1734936778.5,4158,89867,4158,3,4159,126,169807,3.73772e+09
1734936779.0,4158,89867,4158,3,4159,122,169807,3.73772e+09
1734936779.5,4158,89867,4158,34,4159,89,169807,3.73772e+09
1734936780.0,4158,89867,4158,34,4159,91,169807,3.73772e+09
1734936780.5,4159,89871,4158,32,4159,88,169807,3.73789e+09
1734936781.0,4159,89871,4158,32,4159,89,169807,3.73789e+09
1734936781.5,4158,89873,4158,31,4159,88,169806,3.73797e+09
1734936782.0,4158,89878,4158,26,4159,88,169802,3.73818e+09
1734936782.5,4158,89878,4158,29,4159,89,169802,3.73818e+09
1734936783.0,4158,89882,4158,32,4159,90,169802,3.73834e+09
1734936785.0,4158,89883,4158,31,4159,90,169802,3.73838e+09
1734936787.0,4158,89883,4158,31,4159,91,169802,3.73838e+09
1734936788.0,4158,89884,4158,30,4159,92,169802,3.73843e+09
1734936788.5,4158,89916,4157,93,4158,38,169815,3.73976e+09
1734936789.0,4158,89916,4157,93,4158,39,169815,3.73976e+09
1734936789.5,4158,89917,4157,93,4158,38,169816,3.7398e+09
1734936790.0,4158,89917,4157,93,4158,37,169816,3.7398e+09
1734936790.5,4158,89917,4157,94,4158,37,169816,3.7398e+09
1734936791.5,4158,89923,4157,87,4158,32,169822,3.74005e+09
1734936792.0,4157,89924,4157,86,4158,33,169823,3.74009e+09
1734936792.5,4157,89924,4157,86,4158,49,169823,3.74009e+09
1734936793.0,4157,89924,4157,59,4158,76,169823,3.74009e+09
1734936793.5,4157,89924,4157,49,4158,76,169823,3.74009e+09
1734936795.0,4157,89926,4157,48,4158,75,169824,3.74017e+09
1734936796.0,4158,89930,4157,51,4158,71,169828,3.74034e+09
1734936796.5,4158,89930,4157,51,4158,72,169828,3.74034e+09
1734936797.0,4158,89931,4157,51,4158,71,169828,3.74038e+09
1734936798.0,4158,89931,4157,61,4158,71,169828,3.74038e+09
1734936798.5,4158,89931,4157,63,4158,71,169828,3.74038e+09
1734936799.5,4158,89935,4157,62,4158,41,169828,3.74055e+09
1734936800.0,4158,89935,4157,92,4158,4,169828,3.74055e+09
1734936800.5,4158,89940,4158,5,4159,129,169825,3.74075e+09
1734936801.0,4158,89941,4158,8,4159,139,169825,3.7408e+09
1734936801.5,4158,89942,4158,6,4159,141,169825,3.74084e+09
1734936802.0,4158,89943,4158,3,4159,141,169825,3.74088e+09
1734936802.5,4158,89946,4157,92,4158,3,169828,3.741e+09
1734936803.0,4158,89946,4157,101,4158,1,169828,3.741e+09
1734936803.5,4158,89946,4157,94,4158,2,169828,3.741e+09
1734936804.0,4157,89948,4157,92,4158,2,169829,3.74109e+09
1734936807.5,4157,89954,4157,86,4158,5,169835,3.74134e+09
1734936808.0,4158,89955,4157,86,4158,4,169834,3.74138e+09
1734936809.5,4158,89955,4157,86,4158,2,169834,3.74138e+09
1734936810.5,4158,89955,4157,86,4158,3,169834,3.74138e+09
1734936811.5,4158,89955,4157,86,4158,15,169834,3.74138e+09
1734936813.0,4157,89956,4157,85,4158,31,169835,3.74142e+09
1734936813.5,4157,89957,4157,84,4158,37,169836,3.74146e+09
1734936815.0,4158,89958,4157,84,4158,36,169836,3.7415e+09
1734936815.5,4157,89959,4157,83,4158,37,169837,3.74154e+09
1734936816.0,4157,89961,4157,54,4158,37,169839,3.74163e+09
1734936816.5,4157,89961,4157,54,4158,65,169839,3.74163e+09
1734936818.0,4157,89962,4157,56,4158,65,169839,3.74167e+09
1734936819.0,4157,89964,4157,54,4158,66,169841,3.74175e+09
1734936820.0,4156,90050,4156,94,4157,6,169844,3.74533e+09
1734936820.5,4156,90050,4156,116,4157,33,169844,3.74533e+09
1734936823.5,4157,90051,4156,116,4157,32,169844,3.74537e+09
1734936825.5,4157,90054,4156,115,4157,32,169846,3.74549e+09
1734936826.0,4157,90064,4156,115,4157,20,169842,3.74591e+09
1734936826.5,4157,90064,4156,115,4157,22,169842,3.74591e+09
1734936827.0,4156,90114,4156,65,4157,25,169848,3.74799e+09
1734936827.5,4156,90117,4156,63,4157,98,169851,3.74811e+09
1734936828.5,4157,90122,4156,63,4157,93,169855,3.74832e+09
1734936830.5,4156,90123,4156,62,4157,93,169856,3.74836e+09
1734936831.0,4156,90124,4156,61,4157,93,169857,3.7484e+09
1734936831.5,4156,90124,4156,61,4157,97,169857,3.7484e+09
1734936832.0,4156,90132,4156,53,4157,97,169861,3.74873e+09
1734936832.5,4156,90132,4156,51,4157,98,169861,3.74873e+09
1734936833.5,4156,90133,4156,50,4157,98,169861,3.74878e+09
1734936834.0,4156,90150,4156,8,4157,98,169850,3.74948e+09
1734936834.5,4156,90160,4155,105,4156,7,169851,3.7499e+09
1734936835.0,4156,90160,4155,105,4156,4,169851,3.7499e+09
1734936835.5,4156,90163,4155,105,4157,108,169852,3.75002e+09
1734936836.0,4156,90164,4156,35,4157,108,169852,3.75006e+09
1734936836.5,4156,90164,4156,36,4157,108,169852,3.75006e+09
1734936837.5,4156,90165,4156,35,4157,108,169852,3.75011e+09
1734936838.5,4156,90165,4156,35,4157,109,169852,3.75011e+09
1734936839.0,4156,90166,4156,34,4157,109,169852,3.75015e+09
1734936840.5,4156,90166,4156,35,4157,111,169852,3.75015e+09
1734936841.5,4157,90167,4156,35,4157,110,169853,3.75019e+09
1734936842.0,4156,90168,4156,34,4157,83,169854,3.75023e+09
1734936842.5,4157,90174,4156,83,4157,77,169860,3.75048e+09
1734936843.0,4157,90174,4156,91,4157,87,169860,3.75048e+09
1734936845.0,4156,90175,4156,90,4157,87,169861,3.75052e+09
1734936846.5,4156,90175,4156,90,4157,88,169861,3.75052e+09
1734936850.0,4156,90176,4156,89,4157,88,169862,3.75056e+09
1734936850.5,4156,90176,4156,89,4157,90,169862,3.75056e+09
1734936851.0,4156,90177,4156,89,4157,90,169863,3.75061e+09
1734936851.5,4156,90177,4156,89,4157,92,169863,3.75061e+09
1734936854.0,4156,90178,4156,88,4157,92,169864,3.75065e+09
1734936854.5,4156,90179,4156,87,4157,92,169865,3.75069e+09
1734936855.0,4156,90179,4156,87,4157,93,169865,3.75069e+09
1734936855.5,4156,90179,4156,88,4157,95,169865,3.75069e+09
1734936856.0,4156,90180,4156,90,4157,95,169866,3.75073e+09
1734936856.5,4156,90211,4156,59,4157,95,169897,3.75202e+09
1734936857.0,4156,90211,4156,41,4157,122,169897,3.75202e+09
1734936859.0,4156,90211,4156,41,4157,123,169897,3.75202e+09
1734936860.0,4157,90216,4156,41,4157,118,169902,3.75223e+09
1734936860.5,4157,90216,4156,18,4157,138,169902,3.75223e+09
1734936861.0,4156,90228,4156,6,4157,138,169914,3.75272e+09
1734936861.5,4156,90234,4155,126,4156,3,169917,3.75297e+09
1734936862.0,4156,90234,4155,128,4156,3,169917,3.75297e+09
1734936862.5,4155,90236,4155,126,4156,9,169919,3.75306e+09
1734936863.0,4155,90236,4155,88,4156,45,169919,3.75306e+09
1734936863.5,4156,90244,4155,118,4156,55,169918,3.75339e+09
1734936864.0,4155,90246,4155,118,4156,1,169918,3.75347e+09
1734936864.5,4155,90246,4155,118,4156,3,169918,3.75347e+09
1734936865.0,4156,90250,4156,1,4157,127,169920,3.75364e+09
1734936865.5,4157,90252,4156,14,4157,98,169919,3.75372e+09
1734936866.0,4156,90254,4156,20,4157,98,169919,3.75381e+09
1734936866.5,4156,90254,4156,48,4157,98,169919,3.75381e+09
1734936868.5,4156,90254,4156,48,4157,99,169919,3.75381e+09
1734936870.0,4156,90256,4156,76,4157,99,169919,3.75389e+09
1734936870.5,4156,90256,4156,77,4157,99,169919,3.75389e+09
1734936871.0,4156,90259,4156,74,4157,96,169917,3.75401e+09
1734936872.0,4157,90315,4156,98,4157,40,169958,3.75634e+09
1734936872.5,4157,90316,4156,101,4157,45,169957,3.75638e+09
1734936873.5,4157,90316,4156,102,4157,45,169957,3.75638e+09
1734936874.0,4156,90317,4156,101,4157,45,169957,3.75642e+09
1734936874.5,4156,90321,4156,97,4157,48,169953,3.75659e+09
1734936875.0,4156,90322,4156,96,4157,45,169953,3.75663e+09
1734936877.0,4156,90323,4156,98,4157,45,169953,3.75667e+09
1734936877.5,4157,90325,4156,97,4157,44,169954,3.75676e+09
1734936882.0,4156,90326,4156,96,4157,44,169954,3.7568e+09
1734936883.0,4156,90326,4156,106,4157,44,169954,3.7568e+09
1734936884.0,4157,90328,4156,106,4157,42,169954,3.75688e+09
1734936884.5,4156,90329,4156,105,4157,42,169955,3.75692e+09
1734936885.0,4156,90330,4156,104,4157,43,169955,3.75696e+09
1734936886.0,4156,90331,4156,103,4157,43,169955,3.75701e+09
1734936887.5,4156,90332,4156,102,4157,43,169955,3.75705e+09
1734936888.0,4157,90334,4156,101,4157,42,169955,3.75713e+09
1734936889.0,4156,90335,4156,100,4157,42,169955,3.75717e+09
1734936889.5,4157,90346,4156,101,4157,31,169948,3.75763e+09
1734936890.0,4157,90346,4156,101,4157,33,169948,3.75763e+09
1734936890.5,4157,90351,4156,101,4157,28,169948,3.75784e+09
1734936891.5,4157,90351,4156,101,4157,29,169948,3.75784e+09
1734936892.0,4157,90351,4156,101,4157,30,169948,3.75784e+09
1734936893.0,4156,90352,4156,100,4157,57,169947,3.75788e+09
1734936895.0,4156,90352,4156,100,4157,58,169947,3.75788e+09
1734936897.0,4156,90353,4156,99,4157,58,169947,3.75792e+09
1734936897.5,4156,90358,4156,94,4157,58,169947,3.75813e+09
1734936898.0,4156,90358,4156,94,4157,102,169947,3.75813e+09
1734936898.5,4156,90359,4156,72,4157,102,169948,3.75817e+09
1734936899.5,4156,90363,4156,68,4157,100,169949,3.75834e+09
1734936900.0,4156,90363,4156,40,4157,99,169949,3.75834e+09
1734936900.5,4157,90381,4156,9,4157,122,169938,3.75908e+09
1734936901.0,4156,90382,4156,8,4157,121,169938,3.75913e+09
1734936901.5,4156,90383,4156,11,4157,121,169937,3.75917e+09
1734936902.0,4156,90387,4156,19,4157,121,169935,3.75933e+09
1734936902.5,4157,90392,4156,43,4157,115,169930,3.75954e+09
1734936903.0,4157,90393,4156,50,4157,117,169930,3.75958e+09
1734936904.5,4157,90393,4156,53,4157,117,169930,3.75958e+09
1734936905.0,4157,90393,4156,53,4157,118,169930,3.75958e+09
1734936906.0,4156,90400,4156,46,4157,118,169926,3.75987e+09
1734936907.0,4156,90400,4156,49,4157,124,169926,3.75987e+09
1734936907.5,4156,90400,4156,50,4157,124,169926,3.75987e+09
1734936908.0,4156,90400,4156,53,4157,124,169926,3.75987e+09
1734936908.5,4156,90404,4156,49,4157,124,169926,3.76004e+09
1734936909.0,4156,90405,4156,48,4157,124,169926,3.76008e+09
1734936909.5,4156,90407,4156,46,4157,126,169925,3.76016e+09
1734936910.0,4156,90430,4155,127,4156,1,169920,3.76112e+09
1734936910.5,4156,90446,4155,122,4157,123,169921,3.76179e+09
1734936911.0,4156,90447,4156,5,4157,123,169921,3.76183e+09
1734936911.5,4156,90447,4156,5,4157,125,169921,3.76183e+09
1734936912.0,4156,90448,4156,4,4157,125,169922,3.76187e+09
1734936912.5,4156,90451,4156,7,4157,125,169923,3.76199e+09
1734936914.0,4156,90454,4156,4,4157,125,169920,3.76212e+09
1734936914.5,4156,90455,4156,3,4157,125,169919,3.76216e+09
1734936915.0,4156,90458,4155,151,4156,3,169916,3.76228e+09
1734936915.5,4156,90458,4155,151,4156,10,169916,3.76228e+09
1734936916.0,4156,90458,4155,155,4156,11,169916,3.76228e+09
1734936916.5,4156,90458,4155,170,4156,8,169916,3.76228e+09
1734936917.0,4156,90458,4155,175,4156,17,169916,3.76228e+09
1734936917.5,4155,90459,4155,174,4156,19,169917,3.76233e+09
1734936918.0,4155,90459,4155,146,4156,37,169917,3.76233e+09
1734936918.5,4155,90459,4155,146,4156,40,169917,3.76233e+09
1734936919.0,4155,90459,4155,146,4156,39,169917,3.76233e+09
1734936919.5,4156,90464,4155,150,4156,31,169919,3.76253e+09
1734936920.5,4156,90465,4155,150,4156,30,169919,3.76258e+09
1734936921.0,4155,90466,4155,149,4156,32,169920,3.76262e+09
1734936921.5,4155,90466,4155,149,4156,33,169920,3.76262e+09
1734936922.5,4155,90466,4155,149,4156,37,169920,3.76262e+09
1734936923.0,4155,90466,4155,149,4156,39,169920,3.76262e+09
1734936923.5,4155,90466,4155,161,4156,39,169920,3.76262e+09
1734936924.0,4155,90467,4155,161,4156,39,169921,3.76266e+09
1734936924.5,4155,90468,4155,161,4156,39,169922,3.7627e+09
1734936925.0,4155,90471,4155,158,4156,43,169923,3.76282e+09
1734936926.0,4155,90482,4155,147,4156,43,169912,3.76328e+09
1734936926.5,4155,90482,4155,147,4156,44,169912,3.76328e+09
1734936927.0,4155,90487,4155,142,4156,44,169908,3.76349e+09
1734936927.5,4155,90493,4155,136,4156,68,169905,3.76374e+09
1734936928.0,4155,90493,4155,136,4156,93,169905,3.76374e+09
1734936928.5,4155,90497,4155,132,4156,92,169901,3.7639e+09
1734936929.0,4155,90500,4155,129,4156,92,169901,3.76403e+09
1734936929.5,4156,90508,4155,129,4156,61,169895,3.76436e+09
1734936930.0,4156,90508,4155,129,4156,53,169895,3.76436e+09
1734936930.5,4156,90508,4155,129,4156,54,169895,3.76436e+09
1734936932.5,4155,90509,4155,128,4156,57,169896,3.7644e+09
1734936933.5,4156,90511,4155,128,4156,55,169894,3.76449e+09
1734936935.5,4156,90511,4155,128,4156,59,169894,3.76449e+09
1734936936.0,4155,90512,4155,127,4156,59,169894,3.76453e+09
1734936936.5,4155,90519,4155,120,4156,89,169895,3.76482e+09
1734936937.0,4156,90536,4155,119,4156,82,169910,3.76553e+09
1734936937.5,4156,90538,4155,119,4156,52,169911,3.76561e+09
1734936938.0,4155,90539,4155,116,4156,45,169912,3.76565e+09
1734936939.5,4155,90539,4155,116,4156,46,169912,3.76565e+09
1734936940.5,4155,90539,4155,113,4156,74,169912,3.76565e+09
1734936941.0,4155,90540,4155,112,4156,74,169913,3.76569e+09
1734936941.5,4155,90540,4155,112,4156,70,169913,3.76569e+09
1734936942.0,4155,90543,4155,109,4156,70,169913,3.76582e+09
1734936942.5,4155,90546,4155,105,4156,70,169913,3.76594e+09
1734936943.0,4155,90556,4155,94,4156,75,169913,3.76636e+09
1734936943.5,4155,90557,4155,93,4156,75,169913,3.7664e+09
1734936944.0,4155,90558,4155,92,4156,75,169914,3.76644e+09
1734936944.5,4155,90558,4155,102,4156,75,169914,3.76644e+09
1734936945.5,4155,90558,4155,102,4156,75,169914,3.76644e+09
1734936946.0,4156,90561,4155,106,4156,72,169911,3.76656e+09
1734936947.5,4155,90562,4155,105,4156,72,169912,3.76661e+09
1734936950.0,4155,90565,4155,102,4156,72,169912,3.76673e+09
1734936950.5,4155,90568,4155,99,4156,76,169912,3.76686e+09
1734936951.0,4155,90570,4155,97,4156,76,169912,3.76694e+09
1734936951.5,4156,90577,4155,90,4156,41,169917,3.76723e+09
1734936952.0,4156,90577,4155,90,4156,69,169917,3.76723e+09
1734936953.5,4156,90590,4155,79,4156,57,169921,3.76777e+09
1734936954.0,4156,90593,4155,94,4156,54,169921,3.76789e+09
1734936954.5,4156,90602,4155,94,4156,41,169921,3.76827e+09
1734936955.5,4156,90602,4155,95,4156,41,169921,3.76827e+09
1734936956.0,4155,90603,4155,95,4156,46,169922,3.76831e+09
1734936956.5,4155,90603,4155,91,4156,46,169922,3.76831e+09
1734936957.0,4155,90603,4155,90,4156,62,169922,3.76831e+09
1734936957.5,4155,90603,4155,64,4156,91,169922,3.76831e+09
1734936958.0,4155,90603,4155,65,4156,91,169922,3.76831e+09
1734936958.5,4155,90603,4155,65,4156,92,169922,3.76831e+09
1734936959.0,4155,90604,4155,64,4156,92,169922,3.76835e+09
1734936959.5,4155,90604,4155,63,4156,92,169922,3.76835e+09
1734936960.5,4155,90604,4155,63,4156,93,169922,3.76835e+09
1734936961.5,4155,90607,4155,60,4156,92,169925,3.76848e+09
1734936962.0,4155,90607,4155,63,4156,96,169925,3.76848e+09
1734936962.5,4155,90607,4155,64,4156,96,169925,3.76848e+09
1734936963.0,4155,90607,4155,82,4156,96,169925,3.76848e+09
1734936964.0,4155,90607,4155,85,4156,96,169925,3.76848e+09
1734936965.0,4155,90607,4155,105,4156,96,169925,3.76848e+09
1734936965.5,4155,90607,4155,109,4156,91,169925,3.76848e+09
1734936966.5,4155,90607,4155,111,4156,91,169925,3.76848e+09
1734936967.5,4155,90608,4155,110,4156,92,169926,3.76852e+09
1734936968.0,4155,90608,4155,109,4156,92,169926,3.76852e+09
1734936969.0,4155,90627,4155,90,4156,95,169935,3.76931e+09
1734936969.5,4155,90627,4155,91,4156,95,169935,3.76931e+09
1734936971.0,4155,90628,4155,90,4156,95,169936,3.76935e+09
1734936971.5,4155,90628,4155,91,4156,96,169936,3.76935e+09
1734936972.5,4155,90665,4155,137,4156,30,169962,3.77089e+09
1734936973.0,4155,90667,4155,138,4156,29,169961,3.77097e+09
1734936974.0,4155,90667,4155,138,4156,33,169961,3.77097e+09
1734936976.5,4155,90667,4155,139,4156,33,169961,3.77097e+09
1734936977.0,4155,90674,4155,133,4156,33,169961,3.77126e+09
1734936977.5,4155,90677,4155,135,4156,33,169961,3.77138e+09
1734936978.0,4155,90692,4155,120,4156,33,169957,3.77201e+09
1734936978.5,4155,90701,4155,86,4156,96,169955,3.77238e+09
1734936981.5,4155,90734,4155,44,4156,88,169953,3.77375e+09
1734936982.0,4155,90734,4155,45,4156,88,169953,3.77375e+09
1734936982.5,4155,90735,4155,44,4156,88,169952,3.77379e+09
1734936983.0,4156,90737,4155,44,4156,86,169952,3.77388e+09
1734936983.5,4156,90747,4155,63,4156,77,169943,3.77429e+09
1734936984.0,4156,90757,4155,72,4156,67,169945,3.77471e+09
1734936984.5,4156,90757,4155,121,4156,36,169945,3.77471e+09
1734936985.0,4155,90758,4155,119,4156,14,169945,3.77475e+09
1734936985.5,4155,90758,4155,116,4156,15,169945,3.77475e+09
1734936986.0,4155,90759,4155,115,4156,15,169945,3.77479e+09
1734936986.5,4155,90759,4155,115,4156,17,169945,3.77479e+09
1734936987.0,4155,90759,4155,91,4156,41,169945,3.77479e+09
1734936987.5,4155,90762,4155,89,4156,41,169945,3.77492e+09
1734936988.0,4155,90762,4155,89,4156,66,169945,3.77492e+09
1734936988.5,4155,90762,4155,100,4156,66,169945,3.77492e+09
1734936990.0,4155,90766,4155,96,4156,67,169949,3.77508e+09
1734936990.5,4155,90766,4155,97,4156,68,169949,3.77508e+09
1734936992.5,4155,90766,4155,98,4156,68,169949,3.77508e+09
1734936994.0,4155,90767,4155,97,4156,68,169950,3.77512e+09
1734936994.5,4155,90768,4155,96,4156,68,169950,3.77517e+09
1734936995.0,4156,90770,4155,96,4156,66,169950,3.77525e+09
1734936995.5,4156,90771,4155,97,4156,65,169950,3.77529e+09
1734936996.0,4156,90771,4155,97,4156,37,169950,3.77529e+09
1734936997.0,4156,90771,4155,97,4156,38,169950,3.77529e+09
1734936997.5,4156,90771,4155,96,4156,43,169950,3.77529e+09
1734936998.0,4156,90771,4155,96,4156,46,169950,3.77529e+09
1734936998.5,4155,90774,4155,93,4156,72,169953,3.77542e+09
1734936999.5,4155,90775,4155,92,4156,72,169953,3.77546e+09
1734937001.0,4155,90775,4155,92,4156,75,169953,3.77546e+09
1734937002.0,4155,90778,4155,89,4156,75,169953,3.77558e+09
1734937002.5,4155,90779,4155,88,4156,75,169953,3.77562e+09
1734937003.0,4155,90780,4155,86,4156,75,169953,3.77566e+09
1734937003.5,4155,90781,4155,85,4156,75,169953,3.77571e+09
1734937004.0,4155,90781,4155,85,4156,77,169953,3.77571e+09
1734937004.5,4155,90781,4155,86,4156,77,169953,3.77571e+09
1734937005.0,4155,90782,4155,85,4156,80,169953,3.77575e+09
1734937005.5,4155,90783,4155,86,4156,80,169953,3.77579e+09
1734937006.5,4155,90784,4155,86,4156,82,169953,3.77583e+09
1734937007.0,4155,90784,4155,71,4156,82,169953,3.77583e+09
1734937007.5,4155,90787,4155,67,4156,83,169953,3.77596e+09
1734937008.0,4155,90787,4155,69,4156,85,169953,3.77596e+09
1734937008.5,4155,90788,4155,68,4156,85,169953,3.776e+09
1734937009.0,4155,90791,4155,66,4156,85,169954,3.77612e+09
1734937011.5,4155,90791,4155,66,4156,88,169954,3.77612e+09
1734937012.5,4155,90792,4155,65,4156,88,169953,3.77616e+09
1734937013.0,4155,90792,4155,66,4156,88,169953,3.77616e+09
1734937013.5,4156,90796,4155,67,4156,84,169949,3.77633e+09
1734937014.0,4155,90797,4155,67,4156,84,169949,3.77637e+09
1734937014.5,4155,90801,4155,63,4156,84,169946,3.77654e+09
1734937015.0,4155,90807,4155,57,4156,84,169951,3.77679e+09
1734937015.5,4155,90807,4155,57,4156,85,169951,3.77679e+09
1734937016.5,4155,90809,4155,55,4156,90,169953,3.77687e+09
1734937017.0,4155,90809,4155,62,4156,90,169953,3.77687e+09
1734937017.5,4156,90810,4155,62,4156,89,169953,3.77691e+09
1734937018.0,4156,90810,4155,62,4156,90,169953,3.77691e+09
1734937018.5,4156,90883,4154,167,4156,125,169939,3.77994e+09
1734937019.0,4156,90883,4154,153,4155,21,169939,3.77994e+09
1734937019.5,4156,90883,4155,1,4156,132,169939,3.77994e+09
1734937020.0,4154,90885,4154,156,4156,130,169938,3.78003e+09
1734937020.5,4155,90888,4154,161,4156,134,169937,3.78015e+09
1734937021.0,4155,90888,4154,177,4155,18,169937,3.78015e+09
1734937021.5,4154,90896,4154,170,4155,26,169936,3.78048e+09
1734937022.0,4154,90897,4154,131,4155,54,169936,3.78053e+09
1734937022.5,4154,90897,4154,129,4155,54,169936,3.78053e+09
1734937023.0,4154,90914,4154,118,4155,59,169935,3.78123e+09
1734937023.5,4154,90914,4154,117,4155,85,169935,3.78123e+09
1734937024.5,4154,90914,4154,119,4155,88,169935,3.78123e+09
1734937025.0,4155,90932,4154,121,4155,74,169917,3.78198e+09
1734937025.5,4155,90942,4154,122,4155,68,169919,3.7824e+09
1734937026.5,4154,90943,4154,145,4155,23,169918,3.78244e+09
1734937027.0,4154,90944,4154,144,4155,25,169918,3.78248e+09
1734937029.0,4155,90945,4154,145,4155,24,169919,3.78252e+09
1734937030.5,4154,90946,4154,144,4155,24,169919,3.78256e+09
1734937031.5,4154,90947,4154,143,4155,24,169919,3.7826e+09
1734937032.0,4154,90947,4154,145,4155,26,169919,3.7826e+09
1734937032.5,4154,90947,4154,149,4155,27,169919,3.7826e+09
1734937034.0,4155,90948,4154,148,4155,26,169920,3.78265e+09
1734937034.5,4155,90948,4154,148,4155,31,169920,3.78265e+09
1734937036.0,4155,90948,4154,148,4155,80,169920,3.78265e+09
1734937036.5,4155,90948,4154,148,4155,98,169920,3.78265e+09
1734937037.0,4154,90949,4154,123,4155,103,169920,3.78269e+09
1734937039.0,4155,90957,4154,123,4155,95,169928,3.78302e+09
1734937040.0,4155,90961,4154,123,4155,91,169928,3.78319e+09
1734937041.0,4155,90961,4154,123,4155,94,169928,3.78319e+09
1734937042.0,4155,90965,4154,123,4155,91,169931,3.78335e+09
1734937042.5,4155,90967,4154,123,4155,89,169933,3.78343e+09
1734937043.0,4155,90999,4154,91,4155,97,169913,3.78476e+09
1734937043.5,4155,91004,4154,92,4155,92,169912,3.78497e+09
1734937044.0,4155,91004,4154,151,4155,92,169912,3.78497e+09
1734937044.5,4155,91004,4154,152,4155,81,169912,3.78497e+09
1734937045.0,4154,91015,4154,142,4155,81,169912,3.78543e+09
1734937045.5,4155,91016,4154,141,4155,80,169913,3.78547e+09
1734937046.0,4154,91017,4154,141,4155,81,169913,3.78551e+09
1734937046.5,4154,91017,4154,147,4155,81,169913,3.78551e+09
1734937047.0,4154,91018,4154,148,4155,83,169914,3.78555e+09
1734937047.5,4154,91020,4154,146,4155,83,169914,3.78564e+09
1734937048.0,4155,91025,4154,146,4155,78,169909,3.78584e+09
1734937048.5,4155,91027,4154,146,4155,77,169910,3.78593e+09
1734937049.0,4155,91037,4154,174,4155,67,169910,3.78634e+09
1734937049.5,4155,91038,4154,176,4155,65,169910,3.78638e+09
1734937050.0,4155,91104,4154,177,4156,152,169850,3.78913e+09
1734937050.5,4155,91104,4155,63,4156,148,169850,3.78913e+09
1734937051.0,4155,91116,4155,86,4156,122,169838,3.78962e+09
1734937051.5,4155,91122,4155,86,4156,122,169832,3.78987e+09
1734937052.0,4155,91124,4155,85,4156,122,169830,3.78996e+09
1734937053.0,4155,91125,4155,86,4156,122,169830,3.79e+09
1734937053.5,4155,91126,4155,85,4156,122,169829,3.79004e+09
1734937054.0,4156,91134,4155,85,4156,114,169829,3.79037e+09
1734937054.5,4155,91137,4155,82,4156,115,169827,3.7905e+09
1734937055.0,4155,91137,4155,84,4156,115,169827,3.7905e+09
1734937055.5,4155,91150,4155,71,4156,118,169832,3.79104e+09
1734937056.0,4155,91150,4155,58,4156,148,169832,3.79104e+09
1734937056.5,4155,91150,4155,59,4156,148,169832,3.79104e+09
1734937057.0,4155,91150,4155,31,4156,148,169832,3.79104e+09
1734937057.5,4155,91150,4155,31,4156,176,169832,3.79104e+09
1734937058.0,4155,91153,4155,28,4156,176,169830,3.79116e+09
1734937058.5,4156,91158,4155,26,4156,171,169830,3.79137e+09
1734937060.0,4156,91158,4155,27,4156,171,169830,3.79137e+09
1734937061.0,4156,91170,4155,25,4156,159,169837,3.79187e+09
1734937061.5,4156,91175,4155,27,4156,155,169836,3.79208e+09
1734937063.0,4156,91175,4155,32,4156,155,169836,3.79208e+09
