UpdateTime,LastPrice,Volume,BidPrice1,BidVolume1,AskPrice1,AskVolume1,OpenInterest,Turnover
1734935165.0,7559,1150158,7559,21,7560,175,499165,1.29271e+11
1734935165.5,7559,1150193,7558,54,7559,12,499147,1.29275e+11
1734935166.0,7559,1150231,7558,33,7559,30,499167,1.29279e+11
1734935166.5,7559,1150263,7558,48,7559,60,499190,1.29283e+11
1734935167.0,7558,1150292,7558,18,7559,56,499204,1.29286e+11
1734935167.5,7559,1150318,7557,30,7559,69,499196,1.29289e+11
1734935168.0,7559,1150345,7557,72,7558,8,499189,1.29292e+11
1734935168.5,7559,1150401,7558,16,7559,45,499171,1.29298e+11
1734935169.0,7559,1150429,7558,21,7559,32,499155,1.29302e+11
1734935169.5,7558,1150475,7558,24,7559,29,499148,1.29307e+11
1734935170.0,7558,1150490,7558,15,7559,47,499143,1.29309e+11
1734935170.5,7559,1150528,7558,7,7559,25,499150,1.29313e+11
1734935171.0,7558,1150543,7557,67,7558,2,499154,1.29315e+11
1734935171.5,7558,1150551,7557,64,7558,25,499157,1.29315e+11
1734935172.0,7558,1150565,7557,26,7558,71,499167,1.29317e+11
1734935172.5,7557,1150591,7556,56,7557,127,499163,1.2932e+11
1734935173.0,7557,1150626,7556,37,7557,113,499178,1.29324e+11
1734935173.5,7557,1150641,7556,25,7557,112,499178,1.29326e+11
1734935174.0,7557,1150672,7556,30,7557,122,499176,1.29329e+11
1734935174.5,7556,1150692,7556,37,7557,110,499171,1.29331e+11
1734935175.0,7557,1150724,7556,37,7557,100,499153,1.29335e+11
1734935175.5,7556,1150756,7556,10,7557,100,499134,1.29339e+11
1734935176.0,7556,1150779,7556,34,7557,98,499135,1.29341e+11
1734935176.5,7556,1150792,7556,44,7557,98,499141,1.29343e+11
1734935177.0,7556,1150805,7556,39,7557,93,499141,1.29344e+11
1734935177.5,7556,1150849,7555,239,7556,59,499128,1.29349e+11
1734935178.0,7556,1150875,7555,212,7556,57,499127,1.29352e+11
1734935178.5,7556,1150889,7555,210,7556,60,499121,1.29354e+11
1734935179.0,7556,1150895,7555,211,7556,57,499121,1.29354e+11
1734935179.5,7555,1150917,7555,201,7556,48,499124,1.29357e+11
1734935180.0,7556,1150979,7555,155,7556,37,499120,1.29364e+11
1734935180.5,7556,1150995,7555,151,7556,30,499125,1.29366e+11
1734935181.0,7555,1151006,7555,146,7556,28,499129,1.29367e+11
1734935181.5,7555,1151028,7555,132,7556,27,499136,1.2937e+11
1734935182.0,7556,1151055,7555,114,7556,22,499142,1.29373e+11
1734935182.5,7555,1151080,7555,95,7556,19,499155,1.29375e+11
1734935183.0,7556,1151114,7556,6,7557,104,499172,1.29379e+11
1734935183.5,7557,1151124,7556,14,7557,99,499176,1.2938e+11
1734935184.0,7556,1151132,7556,16,7557,95,499177,1.29381e+11
1734935184.5,7557,1151153,7556,60,7557,89,499189,1.29384e+11
1734935185.0,7557,1151166,7556,61,7557,75,499181,1.29385e+11
1734935185.5,7557,1151184,7556,51,7557,69,499189,1.29387e+11
1734935186.0,7556,1151199,7556,42,7557,66,499190,1.29389e+11
1734935186.5,7557,1151224,7556,57,7557,46,499199,1.29392e+11
1734935187.0,7556,1151251,7556,60,7557,22,499212,1.29395e+11
1734935187.5,7557,1151285,7557,5,7558,70,499210,1.29399e+11
1734935188.0,7558,1151308,7557,25,7558,59,499222,1.29401e+11
1734935188.5,7557,1151317,7557,25,7558,54,499223,1.29402e+11
1734935189.0,7558,1151330,7557,50,7558,43,499233,1.29404e+11
1734935189.5,7558,1151362,7557,51,7558,5,499247,1.29407e+11
1734935190.0,7558,1151378,7558,37,7559,51,499244,1.29409e+11
1734935190.5,7558,1151402,7558,32,7559,22,499247,1.29412e+11
1734935191.0,7559,1151410,7558,69,7559,19,499248,1.29413e+11
1734935191.5,7559,1151446,7559,5,7560,134,499243,1.29417e+11
1734935192.0,7559,1151458,7559,44,7560,126,499247,1.29418e+11
1734935192.5,7560,1151479,7559,33,7560,120,499238,1.29421e+11
1734935193.0,7560,1151494,7559,35,7560,117,499235,1.29422e+11
1734935193.5,7559,1151517,7559,19,7560,107,499255,1.29425e+11
1734935194.0,7559,1151536,7559,23,7560,94,499256,1.29427e+11
1734935194.5,7560,1151555,7559,35,7560,86,499259,1.29429e+11
1734935195.0,7560,1151563,7559,38,7560,81,499258,1.2943e+11
1734935195.5,7559,1151584,7559,35,7560,75,499264,1.29433e+11
1734935196.0,7560,1151604,7559,28,7560,65,499264,1.29435e+11
1734935196.5,7560,1151627,7559,30,7560,61,499263,1.29437e+11
1734935197.0,7560,1151635,7559,47,7560,65,499264,1.29438e+11
1734935197.5,7559,1151668,7559,36,7560,59,499281,1.29442e+11
1734935198.0,7560,1151679,7559,31,7560,60,499291,1.29443e+11
1734935198.5,7560,1151746,7560,46,7561,202,499321,1.29451e+11
1734935199.0,7560,1151782,7560,19,7561,208,499353,1.29455e+11
1734935199.5,7560,1151833,7559,20,7560,17,499380,1.29461e+11
1734935200.0,7559,1151851,7559,44,7560,10,499381,1.29463e+11
1734935200.5,7559,1151875,7559,39,7560,1,499392,1.29466e+11
1734935201.0,7559,1151894,7559,38,7561,190,499401,1.29468e+11
1734935201.5,7561,1151905,7560,7,7561,192,499400,1.29469e+11
1734935202.0,7560,1151916,7560,6,7561,189,499398,1.2947e+11
1734935202.5,7560,1151928,7559,47,7560,10,499404,1.29472e+11
1734935203.0,7559,1151936,7559,47,7560,8,499409,1.29473e+11
1734935203.5,7560,1151949,7559,46,7560,21,499415,1.29474e+11
1734935204.0,7559,1151970,7559,38,7560,12,499417,1.29476e+11
1734935204.5,7560,1152027,7560,5,7561,160,499418,1.29483e+11
1734935205.0,7561,1152038,7560,38,7561,154,499419,1.29484e+11
1734935205.5,7561,1152069,7560,39,7561,142,499415,1.29488e+11
1734935206.0,7561,1152105,7560,14,7561,138,499405,1.29492e+11
1734935206.5,7560,1152143,7560,1,7561,115,499407,1.29496e+11
1734935207.0,7560,1152186,7560,28,7561,87,499376,1.29501e+11
1734935207.5,7560,1152244,7560,41,7561,37,499367,1.29507e+11
1734935208.0,7561,1152372,7561,139,7562,39,499428,1.29522e+11
1734935208.5,7563,1152454,7562,230,7563,107,499438,1.29531e+11
1734935209.0,7563,1152598,7563,52,7564,43,499480,1.29548e+11
1734935209.5,7563,1152607,7563,42,7564,39,499488,1.29549e+11
1734935210.0,7564,1152654,7563,9,7564,39,499500,1.29554e+11
1734935210.5,7562,1152677,7562,188,7563,6,499505,1.29557e+11
1734935211.0,7564,1152721,7563,7,7564,23,499480,1.29562e+11
1734935211.5,7563,1152747,7563,7,7564,39,499484,1.29564e+11
1734935212.0,7564,1152777,7563,8,7564,53,499495,1.29568e+11
1734935212.5,7563,1152795,7562,85,7563,1,499503,1.2957e+11
1734935213.0,7563,1152805,7562,97,7563,43,499509,1.29571e+11
1734935213.5,7563,1152816,7562,63,7563,57,499511,1.29572e+11
1734935214.0,7563,1152824,7562,53,7563,72,499514,1.29573e+11
1734935214.5,7562,1152835,7562,14,7563,72,499510,1.29574e+11
1734935215.0,7562,1152861,7561,30,7562,37,499522,1.29577e+11
1734935215.5,7562,1152879,7561,24,7562,34,499511,1.29579e+11
1734935216.0,7562,1152892,7561,22,7562,56,499508,1.29581e+11
1734935216.5,7562,1152896,7561,12,7562,57,499510,1.29581e+11
1734935217.0,7562,1152913,7561,17,7562,43,499514,1.29583e+11
1734935217.5,7562,1152923,7561,20,7562,36,499513,1.29584e+11
1734935218.0,7561,1153037,7561,16,7563,23,499544,1.29597e+11
1734935218.5,7561,1153059,7561,35,7562,23,499545,1.296e+11
1734935219.0,7561,1153071,7561,39,7562,24,499543,1.29601e+11
1734935219.5,7561,1153073,7561,42,7562,18,499541,1.29601e+11
1734935220.0,7561,1153084,7561,42,7562,11,499540,1.29603e+11
1734935220.5,7561,1153108,7561,26,7562,21,499554,1.29605e+11
1734935221.0,7561,1153220,7560,103,7561,1,499546,1.29618e+11
1734935221.5,7560,1153233,7560,119,7561,44,499544,1.2962e+11
1734935222.0,7561,1153236,7560,118,7561,40,499544,1.2962e+11
1734935222.5,7561,1153244,7560,121,7561,32,499547,1.29621e+11
1734935223.0,7561,1153282,7561,7,7562,53,499566,1.29625e+11
1734935223.5,7560,1153296,7560,115,7561,1,499568,1.29627e+11
1734935224.0,7561,1153307,7561,1,7562,45,499563,1.29628e+11
1734935224.5,7562,1153349,7560,107,7562,18,499545,1.29633e+11
1734935225.0,7560,1153362,7560,113,7562,48,499542,1.29634e+11
1734935225.5,7561,1153380,7561,12,7562,46,499558,1.29636e+11
1734935226.0,7561,1153410,7560,98,7561,8,499573,1.2964e+11
1734935226.5,7560,1153432,7560,97,7562,37,499586,1.29642e+11
1734935227.0,7562,1153445,7561,18,7562,34,499584,1.29644e+11
1734935227.5,7561,1153460,7561,12,7562,49,499588,1.29645e+11
1734935228.0,7562,1153464,7561,11,7562,50,499589,1.29646e+11
1734935228.5,7560,1153486,7560,90,7561,36,499592,1.29648e+11
1734935229.0,7561,1153515,7560,92,7561,85,499592,1.29652e+11
1734935229.5,7561,1153515,7560,91,7561,91,499592,1.29652e+11
1734935230.0,7560,1153525,7560,83,7561,95,499597,1.29653e+11
1734935230.5,7561,1153601,7560,62,7561,52,499601,1.29661e+11
1734935231.0,7561,1153616,7560,103,7561,39,499616,1.29663e+11
1734935231.5,7560,1153643,7560,92,7561,30,499631,1.29666e+11
1734935232.0,7560,1153657,7560,88,7561,25,499635,1.29668e+11
1734935232.5,7560,1153665,7560,85,7561,28,499637,1.29669e+11
1734935233.0,7560,1153668,7560,84,7561,44,499638,1.29669e+11
1734935233.5,7560,1153698,7560,72,7561,39,499657,1.29672e+11
1734935234.0,7560,1153702,7560,70,7561,51,499656,1.29673e+11
1734935234.5,7561,1153715,7560,60,7561,49,499663,1.29674e+11
1734935235.0,7560,1153739,7560,57,7561,32,499678,1.29677e+11
1734935235.5,7560,1153747,7560,53,7561,31,499680,1.29678e+11
1734935236.0,7560,1153749,7560,56,7561,34,499681,1.29678e+11
1734935236.5,7561,1153770,7560,38,7561,54,499684,1.29681e+11
1734935237.0,7560,1153813,7559,50,7560,9,499678,1.29685e+11
1734935237.5,7560,1153818,7559,54,7560,7,499683,1.29686e+11
1734935238.0,7559,1153825,7559,49,7560,32,499682,1.29687e+11
1734935238.5,7560,1153841,7559,33,7560,31,499686,1.29689e+11
1734935239.0,7559,1153846,7559,43,7560,42,499685,1.29689e+11
1734935239.5,7560,1153857,7559,40,7560,38,499688,1.2969e+11
1734935240.0,7559,1153882,7559,2,7560,51,499688,1.29693e+11
1734935240.5,7559,1153888,7558,75,7559,16,499688,1.29694e+11
1734935241.0,7559,1153911,7558,79,7559,33,499672,1.29697e+11
1734935241.5,7559,1153924,7558,81,7559,30,499664,1.29698e+11
1734935242.0,7559,1153963,7558,77,7559,2,499655,1.29702e+11
1734935242.5,7559,1153979,7559,28,7560,64,499647,1.29704e+11
1734935243.0,7559,1153988,7559,30,7560,66,499642,1.29705e+11
1734935243.5,7559,1153992,7559,45,7560,67,499642,1.29706e+11
1734935244.0,7560,1153997,7559,43,7560,67,499642,1.29706e+11
1734935244.5,7560,1154011,7559,40,7560,57,499648,1.29708e+11
1734935245.0,7559,1154020,7559,35,7560,57,499654,1.29709e+11
1734935245.5,7559,1154033,7559,13,7560,58,499653,1.2971e+11
1734935246.0,7560,1154037,7559,8,7560,64,499653,1.29711e+11
1734935246.5,7560,1154046,7559,3,7560,64,499656,1.29712e+11
1734935247.0,7559,1154050,7558,81,7559,4,499658,1.29712e+11
1734935247.5,7560,1154082,7558,81,7560,55,499674,1.29716e+11
1734935248.0,7560,1154085,7559,3,7560,60,499677,1.29716e+11
1734935248.5,7559,1154089,7559,1,7560,57,499677,1.29717e+11
1734935249.0,7559,1154093,7558,81,7559,17,499678,1.29717e+11
1734935249.5,7559,1154105,7558,72,7559,20,499682,1.29719e+11
1734935250.0,7559,1154107,7558,71,7559,21,499684,1.29719e+11
1734935250.5,7559,1154109,7558,74,7559,25,499685,1.29719e+11
1734935251.0,7558,1154113,7558,79,7559,21,499686,1.29719e+11
1734935251.5,7558,1154117,7558,91,7559,35,499683,1.2972e+11
1734935252.0,7559,1154137,7558,75,7559,25,499701,1.29722e+11
1734935252.5,7558,1154142,7558,71,7559,25,499702,1.29723e+11
1734935253.0,7558,1154149,7558,67,7559,27,499703,1.29723e+11
1734935253.5,7558,1154151,7558,66,7559,29,499705,1.29724e+11
1734935254.0,7558,1154160,7558,60,7559,29,499704,1.29725e+11
1734935254.5,7558,1154162,7558,58,7559,30,499703,1.29725e+11
1734935255.0,7558,1154165,7558,60,7559,31,499703,1.29725e+11
1734935255.5,7558,1154175,7558,55,7559,29,499707,1.29726e+11
1734935256.0,7558,1154177,7558,54,7559,30,499706,1.29727e+11
1734935256.5,7558,1154191,7558,47,7559,29,499711,1.29728e+11
1734935257.0,7559,1154193,7558,53,7559,30,499709,1.29728e+11
1734935257.5,7558,1154212,7558,37,7559,31,499711,1.29731e+11
1734935258.0,7558,1154240,7558,37,7559,28,499726,1.29734e+11
1734935258.5,7559,1154255,7558,48,7560,81,499741,1.29736e+11
1734935259.0,7559,1154264,7558,57,7560,82,499740,1.29737e+11
1734935259.5,7559,1154264,7558,57,7560,87,499740,1.29737e+11
1734935260.0,7558,1154297,7558,19,7559,1,499727,1.2974e+11
1734935260.5,7560,1154323,7558,35,7560,74,499734,1.29743e+11
1734935261.0,7560,1154327,7559,5,7560,74,499732,1.29744e+11
1734935261.5,7559,1154336,7558,49,7559,1,499735,1.29745e+11
1734935262.0,7558,1154342,7558,38,7560,72,499734,1.29745e+11
1734935262.5,7559,1154348,7559,2,7560,71,499737,1.29746e+11
1734935263.0,7560,1154363,7559,2,7560,74,499740,1.29748e+11
1734935263.5,7560,1154366,7558,41,7560,86,499741,1.29748e+11
1734935264.0,7558,1154373,7558,45,7559,47,499741,1.29749e+11
1734935264.5,7559,1154379,7558,26,7559,36,499741,1.2975e+11
1734935265.0,7558,1154389,7558,20,7559,39,499731,1.29751e+11
1734935265.5,7558,1154398,7558,16,7559,36,499729,1.29752e+11
1734935266.0,7558,1154423,7558,2,7559,32,499730,1.29755e+11
1734935266.5,7558,1154427,7557,119,7558,2,499730,1.29755e+11
1734935267.0,7558,1154442,7557,96,7558,12,499740,1.29757e+11
1734935267.5,7557,1154481,7557,90,7558,3,499776,1.29761e+11
1734935268.0,7559,1154496,7558,5,7559,57,499779,1.29763e+11
1734935268.5,7557,1154535,7557,74,7558,23,499784,1.29767e+11
1734935269.0,7557,1154539,7557,90,7558,38,499784,1.29768e+11
1734935269.5,7558,1154543,7557,88,7558,48,499786,1.29768e+11
1734935270.0,7557,1154558,7557,78,7558,49,499793,1.2977e+11
1734935270.5,7558,1154565,7557,77,7558,48,499793,1.29771e+11
1734935271.0,7557,1154570,7557,75,7558,52,499796,1.29771e+11
1734935271.5,7557,1154574,7557,73,7558,57,499798,1.29772e+11
1734935272.0,7558,1154591,7557,63,7558,44,499798,1.29774e+11
1734935272.5,7558,1154599,7557,60,7558,46,499793,1.29775e+11
1734935273.0,7557,1154605,7557,54,7558,48,499792,1.29775e+11
1734935273.5,7557,1154612,7557,48,7558,49,499797,1.29776e+11
1734935274.0,7557,1154617,7557,48,7558,50,499800,1.29777e+11
1734935274.5,7557,1154671,7556,107,7557,8,499830,1.29783e+11
1734935275.0,7557,1154683,7556,119,7557,3,499829,1.29784e+11
1734935275.5,7558,1154690,7557,11,7558,52,499830,1.29785e+11
1734935276.0,7558,1154698,7557,61,7558,55,499826,1.29786e+11
1734935276.5,7558,1154707,7557,68,7558,47,499828,1.29787e+11
1734935277.0,7557,1154722,7557,66,7558,40,499828,1.29788e+11
1734935277.5,7557,1154731,7557,58,7558,43,499830,1.29789e+11
1734935278.0,7557,1154743,7557,54,7558,45,499841,1.29791e+11
1734935278.5,7557,1154746,7557,57,7558,51,499844,1.29791e+11
1734935279.0,7557,1154783,7557,27,7558,45,499838,1.29795e+11
1734935279.5,7557,1154800,7557,15,7558,42,499835,1.29797e+11
1734935280.0,7557,1154805,7557,26,7558,40,499837,1.29798e+11
1734935280.5,7557,1154814,7557,17,7558,42,499834,1.29799e+11
1734935281.0,7558,1154830,7557,8,7558,46,499840,1.29801e+11
1734935281.5,7557,1154834,7557,26,7558,42,499842,1.29801e+11
1734935282.0,7557,1154837,7557,34,7558,44,499844,1.29801e+11
1734935282.5,7557,1154853,7557,32,7558,34,499846,1.29803e+11
1734935283.0,7557,1154865,7557,29,7558,34,499838,1.29805e+11
1734935283.5,7558,1154873,7557,32,7558,29,499842,1.29806e+11
1734935284.0,7557,1154878,7557,33,7558,32,499846,1.29806e+11
1734935284.5,7558,1154921,7557,9,7558,16,499884,1.29811e+11
1734935285.0,7557,1154950,7557,8,7558,58,499890,1.29814e+11
1734935285.5,7557,1154956,7557,4,7558,57,499893,1.29815e+11
1734935286.0,7557,1154963,7557,1,7558,59,499896,1.29816e+11
1734935286.5,7557,1154967,7556,132,7557,5,499896,1.29816e+11
1734935287.0,7558,1154989,7557,14,7558,49,499880,1.29819e+11
1734935287.5,7557,1154992,7557,28,7558,49,499883,1.29819e+11
1734935288.0,7558,1154994,7557,28,7558,50,499882,1.29819e+11
1734935288.5,7557,1154996,7557,32,7558,49,499882,1.2982e+11
1734935289.0,7558,1155002,7557,39,7558,52,499887,1.2982e+11
1734935289.5,7558,1155015,7557,20,7558,50,499885,1.29822e+11
1734935290.0,7558,1155026,7557,10,7558,45,499884,1.29823e+11
1734935290.5,7558,1155027,7557,22,7558,44,499885,1.29823e+11
1734935291.0,7557,1155068,7557,20,7558,14,499871,1.29828e+11
1734935291.5,7558,1155093,7558,9,7559,79,499886,1.29831e+11
1734935292.0,7558,1155109,7558,45,7559,37,499883,1.29832e+11
1734935292.5,7559,1155148,7559,68,7560,105,499904,1.29837e+11
1734935293.0,7559,1155164,7559,74,7560,90,499904,1.29839e+11
1734935293.5,7559,1155175,7559,95,7560,89,499902,1.2984e+11
1734935294.0,7559,1155251,7559,93,7560,18,499875,1.29848e+11
1734935294.5,7560,1155272,7560,134,7561,64,499876,1.29851e+11
1734935295.0,7560,1155317,7560,119,7561,40,499885,1.29856e+11
1734935295.5,7561,1155359,7560,108,7561,12,499922,1.29861e+11
1734935296.0,7561,1155377,7560,110,7562,88,499914,1.29863e+11
1734935296.5,7562,1155403,7560,104,7562,78,499909,1.29866e+11
1734935297.0,7562,1155407,7561,14,7562,99,499910,1.29866e+11
1734935297.5,7561,1155417,7561,17,7562,96,499915,1.29867e+11
1734935298.0,7561,1155430,7561,7,7562,94,499914,1.29869e+11
1734935298.5,7561,1155437,7561,7,7562,92,499914,1.2987e+11
1734935299.0,7561,1155439,7561,6,7562,91,499915,1.2987e+11
1734935299.5,7562,1155453,7560,44,7561,5,499920,1.29871e+11
1734935300.0,7561,1155489,7560,26,7561,13,499934,1.29875e+11
1734935300.5,7561,1155497,7560,31,7561,59,499933,1.29876e+11
1734935301.0,7561,1155500,7560,33,7561,59,499933,1.29877e+11
1734935301.5,7560,1155511,7560,27,7561,51,499939,1.29878e+11
1734935302.0,7561,1155546,7560,40,7561,10,499916,1.29882e+11
1734935302.5,7561,1155564,7561,15,7562,123,499917,1.29884e+11
1734935303.0,7561,1155593,7561,7,7562,98,499906,1.29887e+11
1734935303.5,7561,1155633,7560,89,7561,103,499890,1.29892e+11
1734935304.0,7560,1155637,7560,75,7561,105,499890,1.29892e+11
1734935304.5,7561,1155640,7560,81,7561,105,499890,1.29893e+11
1734935305.0,7561,1155652,7560,90,7561,93,499878,1.29894e+11
1734935305.5,7561,1155654,7560,91,7561,92,499878,1.29894e+11
1734935306.0,7560,1155674,7560,85,7561,83,499874,1.29896e+11
1734935306.5,7561,1155680,7560,90,7561,79,499874,1.29897e+11
1734935307.0,7561,1155722,7560,97,7561,43,499841,1.29902e+11
1734935307.5,7561,1155772,7561,107,7562,118,499841,1.29908e+11
1734935308.0,7561,1155801,7561,91,7562,92,499837,1.29911e+11
1734935308.5,7561,1155809,7561,100,7562,90,499842,1.29912e+11
1734935309.0,7561,1155833,7561,94,7562,89,499865,1.29914e+11
1734935309.5,7561,1155859,7561,74,7562,83,499878,1.29917e+11
1734935310.0,7561,1155869,7561,69,7562,80,499884,1.29919e+11
1734935310.5,7562,1155878,7561,67,7562,72,499887,1.2992e+11
1734935311.0,7562,1155915,7561,39,7562,71,499905,1.29924e+11
1734935311.5,7561,1155923,7561,42,7562,77,499907,1.29925e+11
1734935312.0,7562,1155929,7561,40,7562,76,499908,1.29925e+11
1734935312.5,7561,1155932,7561,37,7562,77,499911,1.29926e+11
1734935313.0,7561,1155932,7561,36,7562,79,499911,1.29926e+11
1734935313.5,7562,1155946,7561,32,7562,73,499912,1.29927e+11
1734935314.0,7562,1155958,7561,27,7562,72,499922,1.29929e+11
1734935314.5,7561,1155986,7561,2,7562,116,499924,1.29932e+11
1734935315.0,7561,1155996,7560,109,7561,129,499925,1.29933e+11
1734935315.5,7561,1156114,7560,10,7561,141,499968,1.29946e+11
1734935316.0,7560,1156126,7559,9,7560,115,499970,1.29948e+11
1734935316.5,7560,1156142,7559,1,7560,92,499966,1.29949e+11
1734935317.0,7559,1156150,7559,12,7560,87,499958,1.2995e+11
1734935317.5,7560,1156153,7559,8,7560,85,499957,1.29951e+11
1734935318.0,7559,1156158,7559,7,7560,93,499957,1.29951e+11
1734935318.5,7559,1156163,7559,4,7560,93,499955,1.29952e+11
1734935319.0,7559,1156167,7558,65,7559,1,499954,1.29952e+11
1734935319.5,7559,1156194,7558,40,7559,17,499958,1.29955e+11
1734935320.0,7559,1156210,7558,38,7559,25,499951,1.29957e+11
1734935320.5,7559,1156212,7558,50,7559,22,499950,1.29957e+11
1734935321.0,7559,1156212,7558,56,7559,10,499950,1.29957e+11
1734935321.5,7559,1156224,7559,1,7560,61,499961,1.29959e+11
1734935322.0,7558,1156234,7558,55,7559,1,499968,1.2996e+11
1734935322.5,7559,1156239,7559,13,7560,58,499970,1.2996e+11
1734935323.0,7560,1156241,7559,23,7560,57,499972,1.29961e+11
1734935323.5,7560,1156243,7559,15,7560,55,499974,1.29961e+11
1734935324.0,7560,1156245,7559,16,7560,53,499975,1.29961e+11
1734935324.5,7560,1156249,7559,16,7560,58,499979,1.29962e+11
1734935325.0,7559,1156256,7559,13,7560,56,499976,1.29962e+11
1734935325.5,7559,1156257,7559,15,7560,56,499977,1.29963e+11
1734935326.0,7559,1156257,7559,24,7560,57,499977,1.29963e+11
1734935326.5,7559,1156258,7559,39,7560,52,499978,1.29963e+11
1734935327.0,7559,1156272,7559,30,7560,48,499975,1.29964e+11
1734935327.5,7560,1156275,7559,43,7560,47,499977,1.29965e+11
1734935328.0,7560,1156311,7559,43,7560,10,499962,1.29969e+11
1734935328.5,7560,1156322,7560,58,7561,72,499965,1.2997e+11
1734935329.0,7560,1156328,7560,63,7561,50,499966,1.29971e+11
1734935329.5,7560,1156354,7560,131,7561,45,499974,1.29974e+11
1734935330.0,7560,1156403,7560,126,7561,5,499943,1.29979e+11
1734935330.5,7560,1156423,7561,3,7562,116,499944,1.29981e+11
1734935331.0,7561,1156426,7561,17,7562,115,499946,1.29982e+11
1734935331.5,7561,1156439,7561,22,7562,114,499946,1.29983e+11
1734935332.0,7561,1156453,7561,12,7562,111,499943,1.29985e+11
1734935332.5,7561,1156471,7560,104,7561,53,499945,1.29987e+11
1734935333.0,7561,1156492,7560,104,7561,34,499927,1.29989e+11
1734935333.5,7561,1156517,7560,107,7561,26,499925,1.29992e+11
1734935334.0,7561,1156536,7560,134,7561,7,499931,1.29994e+11
1734935334.5,7561,1156545,7561,66,7562,114,499936,1.29995e+11
1734935335.0,7561,1156549,7561,60,7562,114,499940,1.29996e+11
1734935335.5,7561,1156554,7561,58,7562,117,499943,1.29996e+11
1734935336.0,7561,1156559,7561,54,7562,117,499944,1.29997e+11
1734935336.5,7561,1156595,7561,39,7562,88,499958,1.30001e+11
1734935337.0,7562,1156638,7561,8,7562,66,499966,1.30006e+11
1734935337.5,7562,1156688,7561,7,7562,35,499949,1.30011e+11
1734935338.0,7561,1156702,7561,25,7562,33,499954,1.30013e+11
1734935338.5,7561,1156730,7561,4,7562,36,499956,1.30016e+11
1734935339.0,7561,1156737,7560,155,7561,1,499952,1.30017e+11
1734935339.5,7561,1156749,7560,156,7561,11,499951,1.30018e+11
1734935340.0,7562,1156769,7561,1,7562,61,499943,1.30021e+11
1734935340.5,7562,1156775,7561,9,7562,63,499945,1.30021e+11
1734935341.0,7561,1156787,7561,14,7562,57,499941,1.30023e+11
1734935341.5,7562,1156797,7561,18,7562,56,499936,1.30024e+11
1734935342.0,7561,1156806,7561,9,7562,59,499940,1.30025e+11
1734935342.5,7561,1156817,7560,154,7561,24,499939,1.30026e+11
1734935343.0,7560,1156822,7560,154,7561,67,499941,1.30027e+11
1734935343.5,7561,1156935,7560,54,7561,79,500010,1.30039e+11
1734935344.0,7559,1156995,7559,55,7560,282,499988,1.30046e+11
1734935344.5,7559,1157052,7558,81,7559,11,500004,1.30053e+11
1734935345.0,7559,1157083,7558,78,7559,1,500012,1.30056e+11
1734935345.5,7560,1157095,7559,6,7560,213,500015,1.30058e+11
1734935346.0,7559,1157098,7559,4,7560,219,500014,1.30058e+11
1734935346.5,7559,1157099,7559,4,7560,222,500015,1.30058e+11
1734935347.0,7560,1157168,7559,1,7560,94,500026,1.30066e+11
1734935347.5,7560,1157175,7559,28,7560,66,500027,1.30067e+11
1734935348.0,7560,1157175,7559,33,7560,58,500027,1.30067e+11
1734935348.5,7560,1157192,7559,14,7560,54,500028,1.30069e+11
1734935349.0,7559,1157200,7559,8,7560,48,500027,1.30069e+11
1734935349.5,7559,1157213,7558,178,7559,8,500037,1.30071e+11
1734935350.0,7560,1157231,7559,3,7560,57,500037,1.30073e+11
1734935350.5,7560,1157237,7559,3,7560,53,500042,1.30074e+11
1734935351.0,7560,1157239,7559,5,7560,53,500042,1.30074e+11
1734935351.5,7560,1157239,7559,8,7560,59,500042,1.30074e+11
1734935352.0,7559,1157241,7559,116,7560,59,500042,1.30074e+11
1734935352.5,7560,1157304,7560,17,7561,68,500032,1.30081e+11
1734935353.0,7561,1157322,7560,14,7561,45,500035,1.30083e+11
1734935353.5,7560,1157325,7560,15,7561,48,500037,1.30084e+11
1734935354.0,7560,1157330,7560,10,7561,48,500039,1.30084e+11
1734935354.5,7560,1157337,7560,3,7561,57,500040,1.30085e+11
1734935355.0,7560,1157338,7560,10,7561,60,500041,1.30085e+11
1734935355.5,7560,1157340,7560,20,7561,62,500041,1.30085e+11
1734935356.0,7560,1157347,7560,14,7561,62,500039,1.30086e+11
1734935356.5,7560,1157351,7560,11,7561,62,500039,1.30087e+11
1734935357.0,7560,1157357,7560,20,7561,62,500033,1.30087e+11
1734935357.5,7560,1157361,7560,16,7561,56,500031,1.30088e+11
1734935358.0,7560,1157362,7560,17,7561,57,500032,1.30088e+11
1734935358.5,7561,1157365,7560,16,7561,56,500034,1.30088e+11
1734935359.0,7560,1157367,7560,14,7561,56,500034,1.30088e+11
1734935359.5,7560,1157374,7560,15,7561,52,500035,1.30089e+11
1734935360.0,7561,1157380,7560,23,7561,57,500033,1.3009e+11
1734935360.5,7561,1157380,7560,25,7561,56,500033,1.3009e+11
1734935361.0,7561,1157386,7560,21,7561,56,500033,1.30091e+11
1734935361.5,7560,1157400,7560,14,7561,49,500036,1.30092e+11
1734935362.0,7561,1157446,7559,177,7561,35,500017,1.30097e+11
1734935362.5,7561,1157482,7561,21,7562,226,500011,1.30101e+11
1734935363.0,7561,1157491,7561,14,7562,227,500006,1.30102e+11
1734935363.5,7561,1157492,7561,13,7562,243,500005,1.30103e+11
1734935364.0,7561,1157495,7561,11,7562,248,500004,1.30103e+11
1734935364.5,7561,1157507,7560,29,7561,11,500002,1.30104e+11
1734935365.0,7561,1157519,7560,24,7561,12,499997,1.30106e+11
1734935365.5,7560,1157521,7560,24,7561,42,499995,1.30106e+11
1734935366.0,7560,1157538,7560,3,7561,57,499998,1.30108e+11
1734935366.5,7560,1157551,7559,177,7560,13,499998,1.30109e+11
1734935367.0,7560,1157569,7560,17,7561,66,500009,1.30111e+11
1734935367.5,7561,1157583,7560,6,7561,54,500009,1.30113e+11
1734935368.0,7560,1157585,7560,5,7561,52,500009,1.30113e+11
1734935368.5,7561,1157597,7559,174,7561,48,500006,1.30114e+11
1734935369.0,7559,1157607,7559,173,7560,15,500014,1.30116e+11
1734935369.5,7561,1157673,7560,2,7561,3,500062,1.30123e+11
1734935370.0,7561,1157689,7560,57,7561,3,500060,1.30125e+11
1734935370.5,7561,1157696,7561,1,7562,245,500057,1.30126e+11
1734935371.0,7562,1157722,7561,9,7562,220,500054,1.30129e+11
1734935371.5,7562,1157814,7561,34,7562,140,500038,1.30139e+11
1734935372.0,7562,1157975,7562,1,7563,100,500117,1.30157e+11
1734935372.5,7562,1157980,7562,45,7563,98,500120,1.30158e+11
1734935373.0,7563,1157991,7562,49,7563,96,500125,1.30159e+11
1734935373.5,7562,1158009,7562,45,7563,88,500131,1.30161e+11
1734935374.0,7562,1158014,7562,42,7563,86,500133,1.30162e+11
1734935374.5,7563,1158089,7562,36,7563,16,500142,1.3017e+11
1734935375.0,7563,1158134,7563,8,7564,127,500127,1.30175e+11
1734935375.5,7562,1158151,7562,32,7563,31,500123,1.30177e+11
1734935376.0,7563,1158187,7562,27,7563,12,500100,1.30181e+11
1734935376.5,7562,1158197,7562,21,7563,38,500101,1.30183e+11
1734935377.0,7562,1158201,7562,21,7563,59,500101,1.30183e+11
1734935377.5,7563,1158225,7561,67,7563,59,500096,1.30186e+11
1734935378.0,7562,1158253,7561,65,7562,42,500072,1.30189e+11
1734935378.5,7562,1158255,7561,49,7562,18,500070,1.30189e+11
1734935379.0,7562,1158279,7561,31,7562,40,500062,1.30192e+11
1734935379.5,7562,1158309,7561,6,7562,40,500038,1.30195e+11
1734935380.0,7561,1158316,7560,49,7561,8,500043,1.30196e+11
1734935380.5,7561,1158330,7560,50,7561,52,500048,1.30198e+11
1734935381.0,7561,1158346,7560,33,7561,31,500051,1.30199e+11
1734935381.5,7561,1158353,7560,33,7561,48,500058,1.302e+11
1734935382.0,7561,1158363,7560,29,7561,45,500060,1.30201e+11
1734935382.5,7561,1158396,7560,33,7561,12,500037,1.30205e+11
1734935383.0,7561,1158399,7560,50,7561,1,500036,1.30205e+11
1734935383.5,7561,1158420,7561,9,7562,38,500035,1.30208e+11
1734935384.0,7561,1158429,7561,1,7562,43,500035,1.30209e+11
1734935384.5,7560,1158432,7560,60,7561,4,500036,1.30209e+11
1734935385.0,7561,1158433,7560,60,7561,56,500036,1.30209e+11
1734935385.5,7560,1158439,7560,40,7561,54,500034,1.3021e+11
1734935386.0,7560,1158478,7559,189,7560,90,500043,1.30214e+11
1734935386.5,7560,1158495,7559,195,7560,74,500060,1.30216e+11
1734935387.0,7560,1158515,7559,195,7560,55,500054,1.30219e+11
1734935387.5,7559,1158526,7559,194,7560,67,500054,1.3022e+11
1734935388.0,7560,1158537,7559,193,7560,61,500051,1.30221e+11
1734935388.5,7559,1158543,7559,192,7560,57,500051,1.30222e+11
1734935389.0,7560,1158546,7559,192,7560,55,500051,1.30222e+11
1734935389.5,7559,1158547,7559,190,7560,56,500052,1.30222e+11
1734935390.0,7560,1158558,7559,192,7560,46,500052,1.30223e+11
1734935390.5,7559,1158563,7559,189,7560,46,500052,1.30224e+11
1734935391.0,7560,1158565,7559,188,7560,45,500053,1.30224e+11
1734935391.5,7559,1158580,7559,183,7560,39,500058,1.30226e+11
1734935392.0,7560,1158641,7559,147,7560,38,500082,1.30233e+11
1734935392.5,7560,1158646,7559,143,7560,37,500084,1.30233e+11
1734935393.0,7559,1158664,7559,149,7560,23,500087,1.30236e+11
1734935393.5,7560,1158679,7559,147,7560,21,500084,1.30237e+11
1734935394.0,7560,1158692,7559,152,7560,18,500091,1.30239e+11
1734935394.5,7560,1158698,7559,152,7560,65,500094,1.30239e+11
1734935395.0,7559,1158710,7559,153,7560,55,500104,1.30241e+11
1734935395.5,7560,1158714,7559,154,7560,36,500108,1.30241e+11
1734935396.0,7559,1158737,7559,148,7560,16,500129,1.30244e+11
1734935396.5,7560,1158753,7560,11,7561,102,500129,1.30246e+11
1734935397.0,7560,1158759,7560,25,7561,102,500128,1.30246e+11
1734935397.5,7560,1158759,7560,28,7561,102,500128,1.30246e+11
1734935398.0,7560,1158765,7560,24,7561,102,500124,1.30247e+11
1734935398.5,7560,1158775,7560,15,7561,102,500116,1.30248e+11
1734935399.0,7560,1158794,7559,147,7560,1,500123,1.3025e+11
1734935399.5,7559,1158803,7559,142,7561,98,500127,1.30251e+11
1734935400.0,7559,1158804,7559,138,7560,17,500128,1.30251e+11
1734935400.5,7559,1158807,7559,137,7560,17,500128,1.30252e+11
1734935401.0,7560,1158829,7559,178,7561,100,500138,1.30254e+11
1734935401.5,7561,1158906,7560,5,7561,89,500210,1.30263e+11
1734935402.0,7561,1158944,7560,2,7561,78,500207,1.30267e+11
1734935402.5,7560,1158954,7560,17,7561,78,500208,1.30268e+11
1734935403.0,7561,1158969,7560,9,7561,73,500213,1.3027e+11
1734935403.5,7560,1158974,7560,6,7561,73,500214,1.30271e+11
1734935404.0,7560,1158987,7559,111,7560,26,500218,1.30272e+11
1734935404.5,7560,1158992,7559,117,7560,30,500219,1.30273e+11
1734935405.0,7560,1159005,7559,117,7560,26,500220,1.30274e+11
1734935405.5,7560,1159057,7559,71,7560,25,500252,1.3028e+11
1734935406.0,7560,1159090,7559,74,7560,7,500275,1.30284e+11
1734935406.5,7560,1159096,7559,74,7560,24,500278,1.30284e+11
1734935407.0,7559,1159112,7559,71,7560,34,500278,1.30286e+11
1734935407.5,7559,1159126,7559,63,7560,41,500288,1.30288e+11
1734935408.0,7559,1159178,7559,26,7560,44,500276,1.30294e+11
1734935408.5,7559,1159214,7558,219,7559,13,500307,1.30298e+11
1734935409.0,7558,1159236,7558,230,7559,5,500305,1.303e+11
1734935409.5,7558,1159318,7558,164,7559,2,500359,1.3031e+11
1734935410.0,7559,1159322,7558,164,7559,11,500360,1.3031e+11
1734935410.5,7559,1159357,7559,2,7560,44,500361,1.30314e+11
1734935411.0,7558,1159367,7558,134,7559,6,500367,1.30315e+11
1734935411.5,7559,1159375,7558,132,7560,38,500371,1.30316e+11
1734935412.0,7559,1159377,7559,2,7560,37,500371,1.30316e+11
1734935412.5,7560,1159380,7559,18,7560,37,500373,1.30317e+11
1734935413.0,7559,1159397,7559,28,7560,32,500385,1.30319e+11
1734935413.5,7559,1159400,7559,35,7560,26,500386,1.30319e+11
1734935414.0,7560,1159457,7559,8,7560,7,500393,1.30325e+11
1734935414.5,7559,1159459,7559,44,7560,6,500393,1.30326e+11
1734935415.0,7560,1159464,7560,9,7561,121,500393,1.30326e+11
1734935415.5,7561,1159480,7560,8,7561,118,500404,1.30328e+11
1734935416.0,7561,1159484,7560,7,7561,116,500407,1.30328e+11
1734935416.5,7560,1159489,7560,24,7561,113,500411,1.30329e+11
1734935417.0,7560,1159518,7559,51,7560,8,500405,1.30332e+11
1734935417.5,7560,1159520,7559,51,7560,15,500405,1.30333e+11
1734935418.0,7559,1159528,7559,49,7560,22,500403,1.30333e+11
1734935418.5,7560,1159550,7559,50,7560,3,500401,1.30336e+11
1734935419.0,7560,1159556,7560,2,7561,115,500401,1.30337e+11
1734935419.5,7560,1159560,7559,60,7560,3,500398,1.30337e+11
1734935420.0,7560,1159569,7560,1,7561,116,500395,1.30338e+11
1734935420.5,7561,1159573,7560,1,7561,116,500392,1.30339e+11
1734935421.0,7560,1159579,7559,50,7561,113,500397,1.30339e+11
1734935421.5,7561,1159589,7560,9,7561,114,500401,1.3034e+11
1734935422.0,7560,1159590,7560,15,7561,114,500402,1.30341e+11
1734935422.5,7561,1159596,7560,26,7561,109,500404,1.30341e+11
1734935423.0,7561,1159597,7560,36,7561,108,500405,1.30341e+11
1734935423.5,7561,1159607,7560,36,7561,119,500400,1.30342e+11
1734935424.0,7560,1159619,7560,24,7561,113,500403,1.30344e+11
1734935424.5,7561,1159630,7560,42,7561,109,500404,1.30345e+11
1734935425.0,7560,1159640,7560,46,7561,108,500402,1.30346e+11
1734935425.5,7561,1159703,7560,47,7561,50,500426,1.30353e+11
1734935426.0,7561,1159762,7561,222,7562,28,500419,1.3036e+11
1734935426.5,7562,1159793,7562,41,7563,93,500425,1.30364e+11
1734935427.0,7563,1159831,7562,41,7563,65,500432,1.30368e+11
1734935427.5,7562,1159882,7561,160,7562,12,500464,1.30374e+11
1734935428.0,7562,1159909,7562,2,7563,60,500465,1.30377e+11
1734935428.5,7562,1159926,7562,9,7563,65,500471,1.30379e+11
1734935429.0,7562,1159935,7562,28,7563,60,500472,1.3038e+11
1734935429.5,7562,1159951,7561,107,7562,3,500472,1.30381e+11
1734935430.0,7561,1159967,7561,105,7562,7,500483,1.30383e+11
1734935430.5,7562,1159983,7561,103,7562,35,500486,1.30385e+11
1734935431.0,7561,1159991,7561,71,7562,49,500489,1.30386e+11
1734935431.5,7562,1159996,7561,40,7562,74,500492,1.30387e+11
1734935432.0,7561,1160066,7560,30,7561,3,500500,1.30394e+11
1734935432.5,7561,1160125,7560,24,7561,36,500509,1.30401e+11
1734935433.0,7561,1160131,7560,15,7561,33,500512,1.30402e+11
1734935433.5,7560,1160148,7560,21,7561,19,500510,1.30404e+11
1734935434.0,7560,1160149,7560,59,7561,7,500509,1.30404e+11
1734935434.5,7560,1160151,7560,60,7561,23,500510,1.30404e+11
1734935435.0,7561,1160153,7560,37,7561,65,500510,1.30404e+11
1734935435.5,7559,1160218,7559,41,7560,80,500549,1.30412e+11
1734935436.0,7560,1160251,7559,11,7560,76,500553,1.30415e+11
1734935436.5,7559,1160262,7558,146,7559,2,500557,1.30417e+11
1734935437.0,7558,1160279,7558,154,7560,64,500551,1.30419e+11
1734935437.5,7559,1160282,7559,53,7560,46,500550,1.30419e+11
1734935438.0,7559,1160289,7559,62,7560,35,500552,1.3042e+11
1734935438.5,7560,1160329,7560,17,7561,74,500559,1.30424e+11
1734935439.0,7560,1160343,7560,45,7561,75,500563,1.30426e+11
1734935439.5,7560,1160355,7560,28,7561,75,500573,1.30427e+11
1734935440.0,7561,1160374,7560,14,7561,77,500584,1.30429e+11
1734935440.5,7560,1160385,7560,8,7561,69,500590,1.30431e+11
1734935441.0,7560,1160391,7560,18,7561,67,500594,1.30431e+11
1734935441.5,7561,1160401,7560,12,7561,64,500597,1.30432e+11
1734935442.0,7560,1160409,7560,16,7561,61,500600,1.30433e+11
1734935442.5,7560,1160413,7560,13,7561,62,500603,1.30434e+11
1734935443.0,7559,1160429,7559,164,7560,45,500596,1.30436e+11
1734935443.5,7560,1160436,7559,136,7560,43,500602,1.30436e+11
1734935444.0,7560,1160442,7559,132,7560,49,500604,1.30437e+11
1734935444.5,7560,1160447,7559,132,7560,50,500605,1.30438e+11
1734935445.0,7560,1160459,7559,121,7560,40,500613,1.30439e+11
1734935445.5,7560,1160460,7559,121,7560,40,500613,1.30439e+11
1734935446.0,7560,1160504,7559,111,7560,6,500633,1.30444e+11
1734935446.5,7560,1160516,7560,15,7561,72,500622,1.30446e+11
1734935447.0,7560,1160520,7560,5,7561,67,500626,1.30446e+11
1734935447.5,7560,1160532,7559,112,7560,5,500638,1.30447e+11
1734935448.0,7560,1160549,7559,110,7560,16,500642,1.30449e+11
1734935448.5,7560,1160551,7559,109,7560,59,500642,1.30449e+11
1734935449.0,7559,1160557,7559,109,7560,56,500642,1.3045e+11
1734935449.5,7560,1160560,7559,112,7560,59,500643,1.30451e+11
1734935450.0,7559,1160570,7559,111,7560,51,500649,1.30452e+11
1734935450.5,7559,1160580,7559,110,7560,30,500651,1.30453e+11
1734935451.0,7559,1160580,7559,141,7560,31,500651,1.30453e+11
1734935451.5,7560,1160584,7559,141,7560,42,500655,1.30453e+11
1734935452.0,7559,1160592,7559,137,7560,44,500663,1.30454e+11
1734935452.5,7559,1160597,7559,135,7560,46,500668,1.30455e+11
1734935453.0,7560,1160600,7559,143,7560,46,500668,1.30455e+11
1734935453.5,7560,1160605,7559,143,7560,42,500668,1.30456e+11
1734935454.0,7559,1160614,7559,139,7560,40,500670,1.30457e+11
1734935454.5,7559,1160616,7559,137,7560,61,500671,1.30457e+11
1734935455.0,7560,1160632,7559,128,7560,55,500676,1.30459e+11
1734935455.5,7560,1160644,7559,126,7560,33,500681,1.3046e+11
1734935456.0,7560,1160646,7559,125,7560,27,500681,1.3046e+11
1734935456.5,7560,1160650,7559,123,7560,27,500683,1.30461e+11
1734935457.0,7559,1160657,7559,119,7560,29,500684,1.30462e+11
1734935457.5,7560,1160673,7559,105,7560,26,500686,1.30463e+11
1734935458.0,7560,1160678,7559,105,7560,21,500687,1.30464e+11
1734935458.5,7560,1160688,7559,110,7560,11,500692,1.30465e+11
1734935459.0,7559,1160694,7559,107,7560,9,500696,1.30466e+11
1734935459.5,7560,1160712,7560,60,7561,81,500692,1.30468e+11
1734935460.0,7560,1160750,7560,90,7561,27,500705,1.30472e+11
1734935460.5,7561,1160787,7561,51,7562,108,500714,1.30476e+11
1734935461.0,7561,1160794,7561,63,7562,81,500712,1.30477e+11
1734935461.5,7561,1160856,7561,15,7562,81,500732,1.30484e+11
1734935462.0,7560,1160904,7560,64,7561,3,500737,1.3049e+11
1734935462.5,7560,1160910,7560,62,7561,7,500740,1.3049e+11
1734935463.0,7561,1160932,7561,2,7562,80,500723,1.30493e+11
1734935463.5,7561,1160943,7561,46,7562,81,500728,1.30494e+11
1734935464.0,7561,1161004,7561,40,7562,38,500751,1.30501e+11
1734935464.5,7562,1161051,7562,17,7563,98,500761,1.30506e+11
1734935465.0,7562,1161085,7562,1,7563,96,500754,1.3051e+11
1734935465.5,7561,1161092,7562,1,7563,102,500755,1.30511e+11
1734935466.0,7562,1161094,7561,25,7562,3,500754,1.30511e+11
1734935466.5,7562,1161099,7561,33,7562,11,500755,1.30512e+11
1734935467.0,7562,1161101,7561,32,7562,19,500755,1.30512e+11
1734935467.5,7561,1161103,7561,31,7562,32,500755,1.30512e+11
1734935468.0,7562,1161107,7561,31,7562,29,500754,1.30513e+11
1734935468.5,7561,1161112,7561,28,7562,39,500749,1.30513e+11
1734935469.0,7561,1161114,7561,11,7562,46,500749,1.30513e+11
1734935469.5,7562,1161175,7562,63,7563,112,500759,1.3052e+11
1734935470.0,7562,1161185,7562,54,7563,114,500760,1.30521e+11
1734935470.5,7562,1161214,7562,26,7563,116,500761,1.30525e+11
1734935471.0,7562,1161241,7561,12,7562,13,500774,1.30528e+11
1734935471.5,7561,1161245,7561,27,7562,32,500773,1.30528e+11
1734935472.0,7562,1161249,7561,30,7562,39,500773,1.30529e+11
1734935472.5,7561,1161276,7561,53,7562,18,500780,1.30532e+11
1734935473.0,7561,1161284,7561,66,7562,8,500781,1.30533e+11
1734935473.5,7561,1161289,7561,64,7562,8,500785,1.30533e+11
1734935474.0,7562,1161318,7561,40,7562,4,500783,1.30536e+11
1734935474.5,7562,1161333,7561,41,7562,17,500791,1.30538e+11
1734935475.0,7562,1161352,7561,51,7562,20,500792,1.3054e+11
1734935475.5,7562,1161355,7561,58,7562,22,500791,1.30541e+11
1734935476.0,7561,1161357,7561,61,7562,24,500793,1.30541e+11
1734935476.5,7561,1161377,7561,58,7562,11,500805,1.30543e+11
1734935477.0,7561,1161377,7561,61,7562,12,500805,1.30543e+11
1734935477.5,7562,1161391,7561,64,7563,125,500802,1.30545e+11
1734935478.0,7563,1161419,7562,107,7563,101,500804,1.30548e+11
1734935478.5,7562,1161493,7562,120,7563,29,500812,1.30556e+11
1734935479.0,7563,1161522,7563,102,7564,176,500826,1.3056e+11
1734935479.5,7563,1161538,7563,110,7564,140,500824,1.30561e+11
1734935480.0,7563,1161560,7563,106,7564,123,500827,1.30564e+11
1734935480.5,7563,1161574,7563,101,7564,113,500832,1.30566e+11
1734935481.0,7563,1161583,7563,101,7564,106,500832,1.30567e+11
1734935481.5,7563,1161590,7563,95,7564,111,500836,1.30567e+11
1734935482.0,7563,1161614,7563,54,7564,108,500851,1.3057e+11
1734935482.5,7563,1161643,7563,27,7564,106,500860,1.30573e+11
1734935483.0,7563,1161647,7563,38,7564,121,500864,1.30574e+11
1734935483.5,7564,1161683,7563,35,7564,101,500860,1.30578e+11
1734935484.0,7563,1161718,7563,27,7564,79,500863,1.30582e+11
1734935484.5,7564,1161751,7563,1,7564,96,500852,1.30586e+11
1734935485.0,7563,1161773,7562,108,7563,22,500852,1.30588e+11
1734935485.5,7563,1161799,7562,108,7563,9,500864,1.30591e+11
1734935486.0,7562,1161803,7562,106,7563,14,500862,1.30592e+11
1734935486.5,7563,1161833,7562,106,7563,26,500859,1.30595e+11
1734935487.0,7563,1161839,7562,114,7563,23,500859,1.30596e+11
1734935487.5,7562,1161840,7562,113,7563,25,500859,1.30596e+11
1734935488.0,7562,1161866,7562,112,7563,3,500841,1.30599e+11
1734935488.5,7563,1161870,7563,6,7564,93,500842,1.30599e+11
1734935489.0,7564,1161902,7563,45,7564,74,500847,1.30603e+11
1734935489.5,7564,1161923,7563,66,7564,65,500858,1.30605e+11
1734935490.0,7563,1161950,7563,45,7564,59,500856,1.30608e+11
1734935490.5,7563,1162009,7563,4,7564,55,500846,1.30615e+11
1734935491.0,7564,1162013,7563,15,7564,51,500849,1.30615e+11
1734935491.5,7563,1162023,7563,43,7564,46,500852,1.30616e+11
1734935492.0,7563,1162059,7563,46,7564,23,500845,1.30621e+11
1734935492.5,7564,1162090,7564,4,7565,251,500850,1.30624e+11
1734935493.0,7564,1162117,7564,57,7565,262,500864,1.30627e+11
1734935493.5,7564,1162143,7564,41,7565,257,500863,1.3063e+11
1734935494.0,7564,1162156,7564,32,7565,254,500867,1.30632e+11
1734935494.5,7564,1162206,7563,53,7564,12,500854,1.30637e+11
1734935495.0,7564,1162212,7563,47,7564,18,500853,1.30638e+11
1734935495.5,7564,1162217,7563,47,7564,41,500854,1.30638e+11
1734935496.0,7564,1162242,7563,54,7564,46,500857,1.30641e+11
1734935496.5,7564,1162278,7563,25,7564,48,500877,1.30645e+11
1734935497.0,7564,1162286,7563,14,7564,67,500874,1.30646e+11
1734935497.5,7563,1162308,7562,121,7563,24,500871,1.30649e+11
1734935498.0,7563,1162327,7562,124,7563,43,500858,1.30651e+11
1734935498.5,7563,1162335,7562,127,7563,35,500862,1.30652e+11
1734935499.0,7562,1162367,7562,98,7563,29,500831,1.30655e+11
1734935499.5,7563,1162371,7562,98,7563,83,500828,1.30656e+11
1734935500.0,7563,1162397,7562,89,7563,59,500820,1.30659e+11
1734935500.5,7563,1162467,7562,29,7563,50,500764,1.30667e+11
1734935501.0,7562,1162509,7561,46,7562,33,500789,1.30672e+11
1734935501.5,7562,1162512,7561,41,7562,62,500790,1.30672e+11
1734935502.0,7562,1162519,7561,33,7562,67,500787,1.30673e+11
1734935502.5,7562,1162527,7561,27,7562,73,500785,1.30674e+11
1734935503.0,7562,1162546,7561,12,7562,69,500779,1.30676e+11
1734935503.5,7561,1162561,7560,262,7561,3,500773,1.30677e+11
1734935504.0,7561,1162572,7560,261,7561,55,500767,1.30679e+11
1734935504.5,7561,1162577,7560,263,7561,61,500771,1.30679e+11
1734935505.0,7561,1162586,7560,263,7561,52,500777,1.3068e+11
1734935505.5,7560,1162664,7560,213,7561,22,500774,1.30689e+11
1734935506.0,7561,1162690,7560,202,7561,70,500768,1.30692e+11
1734935506.5,7561,1162753,7560,150,7561,61,500788,1.30699e+11
1734935507.0,7561,1162800,7560,105,7561,64,500820,1.30705e+11
1734935507.5,7559,1162912,7559,109,7560,73,500838,1.30717e+11
1734935508.0,7560,1162931,7559,106,7560,55,500845,1.30719e+11
1734935508.5,7560,1162938,7559,110,7560,30,500850,1.3072e+11
1734935509.0,7560,1162944,7559,111,7560,27,500855,1.30721e+11
1734935509.5,7559,1162947,7559,113,7560,27,500858,1.30721e+11
1734935510.0,7560,1162963,7559,107,7560,47,500864,1.30723e+11
1734935510.5,7559,1163099,7559,31,7560,49,500938,1.30739e+11
1734935511.0,7559,1163135,7558,125,7559,188,500952,1.30743e+11
1734935511.5,7559,1163224,7558,110,7559,115,500999,1.30753e+11
1734935512.0,7558,1163231,7558,107,7559,96,501000,1.30753e+11
1734935512.5,7558,1163238,7558,122,7559,98,500997,1.30754e+11
1734935513.0,7559,1163254,7558,113,7559,97,500993,1.30756e+11
1734935513.5,7558,1163267,7558,105,7559,99,500986,1.30758e+11
1734935514.0,7558,1163292,7558,83,7559,98,500971,1.3076e+11
1734935514.5,7559,1163324,7558,63,7559,96,500962,1.30764e+11
1734935515.0,7559,1163398,7558,50,7559,25,501001,1.30772e+11
1734935515.5,7559,1163441,7559,7,7560,77,501011,1.30777e+11
1734935516.0,7559,1163466,7559,55,7560,52,500994,1.3078e+11
1734935516.5,7559,1163477,7559,45,7560,51,500988,1.30781e+11
1734935517.0,7559,1163489,7559,45,7560,42,500987,1.30783e+11
1734935517.5,7560,1163498,7559,58,7560,33,500992,1.30784e+11
1734935518.0,7560,1163505,7559,54,7560,33,500992,1.30785e+11
1734935518.5,7560,1163518,7559,38,7560,50,500988,1.30786e+11
1734935519.0,7559,1163522,7559,37,7560,52,500984,1.30786e+11
1734935519.5,7560,1163524,7559,36,7560,52,500984,1.30787e+11
1734935520.0,7559,1163547,7559,13,7560,53,500971,1.30789e+11
1734935520.5,7559,1163548,7559,12,7560,53,500972,1.30789e+11
1734935521.0,7560,1163555,7559,122,7560,79,500976,1.3079e+11
1734935521.5,7560,1163564,7559,133,7560,52,500985,1.30791e+11
1734935522.0,7559,1163578,7559,140,7560,31,500993,1.30793e+11
1734935522.5,7560,1163618,7559,140,7560,3,501020,1.30797e+11
1734935523.0,7560,1163633,7560,5,7561,64,501025,1.30799e+11
1734935523.5,7560,1163651,7560,1,7561,61,501023,1.30801e+11
1734935524.0,7560,1163661,7560,2,7561,58,501018,1.30802e+11
1734935524.5,7561,1163667,7560,17,7561,46,501015,1.30803e+11
1734935525.0,7560,1163678,7560,19,7561,46,501018,1.30804e+11
1734935525.5,7560,1163692,7560,5,7561,46,501012,1.30806e+11
1734935526.0,7560,1163709,7560,2,7561,46,501014,1.30808e+11
1734935526.5,7560,1163752,7559,148,7560,15,501012,1.30813e+11
1734935527.0,7560,1163761,7559,259,7560,17,501012,1.30814e+11
1734935527.5,7560,1163789,7560,152,7561,46,501010,1.30817e+11
1734935528.0,7560,1163824,7560,131,7561,13,501009,1.30821e+11
1734935528.5,7560,1163832,7560,124,7561,14,501004,1.30822e+11
1734935529.0,7560,1163834,7560,123,7561,15,501004,1.30822e+11
1734935529.5,7560,1163846,7560,115,7561,29,500994,1.30823e+11
1734935530.0,7560,1163856,7560,98,7561,36,500987,1.30824e+11
1734935530.5,7561,1163868,7560,49,7561,30,500984,1.30826e+11
1734935531.0,7560,1163876,7560,43,7561,30,500985,1.30827e+11
1734935531.5,7561,1163880,7560,42,7561,49,500984,1.30827e+11
1734935532.0,7561,1163884,7560,54,7561,48,500987,1.30828e+11
1734935532.5,7560,1163886,7560,53,7561,55,500987,1.30828e+11
1734935533.0,7560,1163899,7560,47,7561,54,500979,1.30829e+11
1734935533.5,7561,1163911,7560,47,7561,42,500990,1.30831e+11
1734935534.0,7561,1163917,7560,46,7561,14,500986,1.30831e+11
1734935534.5,7561,1163950,7560,24,7561,8,501008,1.30835e+11
1734935535.0,7561,1163956,7560,21,7561,21,501010,1.30836e+11
1734935535.5,7560,1163958,7560,19,7561,58,501010,1.30836e+11
1734935536.0,7560,1163979,7559,268,7560,8,501002,1.30838e+11
1734935536.5,7559,1163987,7559,267,7560,7,500999,1.30839e+11
1734935537.0,7559,1163987,7559,267,7560,8,500999,1.30839e+11
1734935537.5,7559,1163988,7559,267,7560,14,500999,1.30839e+11
1734935538.0,7559,1163999,7559,260,7560,46,501005,1.30841e+11
1734935538.5,7559,1164002,7559,263,7560,49,501006,1.30841e+11
1734935539.0,7559,1164004,7559,263,7560,52,501007,1.30841e+11
1734935539.5,7560,1164009,7559,263,7560,54,501007,1.30842e+11
1734935540.0,7559,1164010,7559,262,7560,53,501008,1.30842e+11
1734935540.5,7559,1164010,7559,262,7560,45,501008,1.30842e+11
1734935541.0,7559,1164010,7559,263,7560,38,501008,1.30842e+11
1734935541.5,7560,1164012,7559,263,7560,36,501008,1.30842e+11
1734935542.0,7560,1164012,7559,265,7560,37,501008,1.30842e+11
1734935542.5,7559,1164030,7559,247,7560,38,501008,1.30844e+11
1734935543.0,7560,1164037,7559,243,7560,36,501009,1.30845e+11
1734935543.5,7560,1164038,7559,243,7560,34,501009,1.30845e+11
1734935544.0,7560,1164054,7559,228,7560,41,501024,1.30847e+11
1734935544.5,7559,1164055,7559,227,7560,42,501025,1.30847e+11
1734935545.0,7560,1164061,7559,225,7560,15,501026,1.30848e+11
1734935545.5,7560,1164069,7559,224,7560,36,501027,1.30848e+11
1734935546.0,7559,1164071,7559,222,7560,46,501028,1.30849e+11
1734935546.5,7559,1164071,7559,224,7560,54,501028,1.30849e+11
1734935547.0,7560,1164075,7559,221,7560,55,501031,1.30849e+11
1734935547.5,7559,1164079,7559,221,7560,52,501032,1.3085e+11
1734935548.0,7560,1164080,7559,221,7560,29,501032,1.3085e+11
1734935548.5,7559,1164082,7559,219,7560,29,501033,1.3085e+11
1734935549.0,7560,1164086,7559,219,7560,51,501034,1.3085e+11
1734935549.5,7560,1164092,7559,219,7560,47,501034,1.30851e+11
1734935550.0,7560,1164093,7559,219,7560,57,501033,1.30851e+11
1734935550.5,7559,1164112,7559,218,7560,40,501040,1.30853e+11
1734935551.0,7559,1164122,7559,217,7560,31,501035,1.30855e+11
1734935551.5,7559,1164139,7559,224,7560,4,501038,1.30856e+11
1734935552.0,7560,1164153,7559,231,7560,1,501051,1.30858e+11
1734935552.5,7559,1164162,7560,2,7561,67,501053,1.30859e+11
1734935553.0,7560,1164164,7560,31,7561,67,501054,1.30859e+11
1734935553.5,7560,1164168,7560,32,7561,68,501055,1.3086e+11
1734935554.0,7561,1164171,7560,32,7561,66,501058,1.3086e+11
1734935554.5,7560,1164186,7560,18,7561,66,501064,1.30862e+11
1734935555.0,7560,1164195,7560,8,7561,67,501072,1.30863e+11
1734935555.5,7560,1164202,7560,2,7561,67,501069,1.30864e+11
1734935556.0,7561,1164207,7560,21,7561,62,501073,1.30864e+11
1734935556.5,7560,1164234,7560,31,7561,58,501077,1.30867e+11
1734935557.0,7560,1164239,7560,35,7561,56,501077,1.30868e+11
1734935557.5,7561,1164245,7560,29,7561,56,501076,1.30868e+11
1734935558.0,7561,1164245,7560,70,7561,56,501076,1.30868e+11
1734935558.5,7560,1164248,7560,69,7561,35,501075,1.30869e+11
1734935559.0,7561,1164254,7560,68,7561,43,501074,1.30869e+11
1734935559.5,7561,1164257,7560,86,7561,42,501074,1.3087e+11
1734935560.0,7560,1164266,7560,83,7561,35,501070,1.30871e+11
1734935560.5,7560,1164270,7560,80,7561,43,501070,1.30871e+11
1734935561.0,7560,1164282,7560,72,7561,43,501076,1.30873e+11
1734935561.5,7560,1164282,7560,74,7561,43,501076,1.30873e+11
1734935562.0,7561,1164287,7560,77,7561,42,501077,1.30873e+11
1734935562.5,7560,1164290,7560,76,7561,40,501077,1.30874e+11
1734935563.0,7561,1164300,7560,77,7561,31,501086,1.30875e+11
1734935563.5,7561,1164300,7560,77,7561,30,501086,1.30875e+11
1734935564.0,7561,1164300,7560,77,7561,30,501086,1.30875e+11
1734935564.5,7560,1164303,7560,75,7561,31,501087,1.30875e+11
1734935565.0,7561,1164313,7560,77,7561,22,501092,1.30876e+11
1734935565.5,7561,1164313,7560,81,7561,41,501092,1.30876e+11
1734935566.0,7561,1164331,7560,73,7561,38,501091,1.30878e+11
1734935566.5,7561,1164332,7560,74,7561,37,501091,1.30878e+11
1734935567.0,7561,1164337,7560,74,7561,35,501092,1.30879e+11
1734935567.5,7561,1164344,7560,72,7561,52,501099,1.3088e+11
1734935568.0,7560,1164350,7560,72,7561,47,501100,1.3088e+11
1734935568.5,7561,1164360,7560,66,7561,45,501099,1.30881e+11
1734935569.0,7561,1164361,7560,71,7561,45,501099,1.30882e+11
1734935569.5,7561,1164361,7560,74,7561,45,501099,1.30882e+11
1734935570.0,7561,1164363,7560,74,7561,47,501099,1.30882e+11
1734935570.5,7560,1164374,7560,73,7561,37,501106,1.30883e+11
1734935571.0,7560,1164377,7560,71,7561,36,501106,1.30883e+11
1734935571.5,7561,1164384,7560,71,7561,29,501110,1.30884e+11
1734935572.0,7561,1164403,7560,60,7561,33,501111,1.30886e+11
1734935572.5,7561,1164409,7560,60,7561,46,501111,1.30887e+11
1734935573.0,7560,1164418,7560,51,7561,33,501102,1.30888e+11
1734935573.5,7561,1164427,7560,46,7561,34,501099,1.30889e+11
1734935574.0,7560,1164430,7560,45,7561,32,501099,1.30889e+11
1734935574.5,7560,1164430,7560,45,7561,32,501099,1.30889e+11
1734935575.0,7560,1164438,7560,49,7561,35,501096,1.3089e+11
1734935575.5,7560,1164489,7559,265,7560,1,501079,1.30896e+11
1734935576.0,7559,1164495,7559,260,7561,43,501079,1.30897e+11
1734935576.5,7560,1164503,7559,260,7560,11,501071,1.30898e+11
1734935577.0,7560,1164511,7559,258,7560,12,501072,1.30899e+11
1734935577.5,7560,1164512,7559,258,7560,50,501071,1.30899e+11
1734935578.0,7560,1164512,7559,258,7560,51,501071,1.30899e+11
1734935578.5,7560,1164517,7559,255,7560,50,501070,1.30899e+11
1734935579.0,7560,1164530,7559,254,7560,48,501072,1.30901e+11
1734935579.5,7559,1164541,7559,243,7560,48,501074,1.30902e+11
1734935580.0,7559,1164541,7559,243,7560,51,501074,1.30902e+11
1734935580.5,7559,1164541,7559,245,7560,55,501074,1.30902e+11
1734935581.0,7559,1164547,7559,242,7560,48,501074,1.30903e+11
1734935581.5,7559,1164559,7559,246,7560,48,501084,1.30904e+11
1734935582.0,7560,1164561,7559,281,7560,47,501085,1.30904e+11
1734935582.5,7559,1164564,7559,278,7560,46,501086,1.30905e+11
1734935583.0,7560,1164570,7559,273,7560,45,501091,1.30905e+11
1734935583.5,7560,1164604,7559,206,7560,53,501115,1.30909e+11
1734935584.0,7560,1164638,7559,172,7560,84,501149,1.30913e+11
1734935584.5,7559,1164824,7558,127,7559,77,501194,1.30934e+11
1734935585.0,7558,1164935,7558,19,7559,85,501170,1.30947e+11
1734935585.5,7558,1164957,7557,216,7558,66,501170,1.30949e+11
1734935586.0,7558,1164970,7557,205,7558,72,501167,1.30951e+11
1734935586.5,7557,1164974,7557,204,7558,70,501166,1.30951e+11
1734935587.0,7557,1165021,7557,161,7558,65,501132,1.30956e+11
1734935587.5,7557,1165040,7557,144,7558,63,501123,1.30959e+11
1734935588.0,7558,1165053,7557,135,7558,63,501116,1.3096e+11
1734935588.5,7557,1165084,7557,128,7558,39,501102,1.30964e+11
1734935589.0,7557,1165101,7557,143,7558,41,501103,1.30966e+11
1734935589.5,7557,1165106,7557,141,7558,41,501104,1.30966e+11
1734935590.0,7557,1165139,7557,110,7558,56,501133,1.3097e+11
1734935590.5,7557,1165256,7557,3,7558,49,501176,1.30983e+11
1734935591.0,7557,1165271,7556,102,7557,74,501177,1.30985e+11
1734935591.5,7557,1165300,7556,64,7557,71,501173,1.30988e+11
1734935592.0,7557,1165325,7556,58,7557,60,501174,1.30991e+11
1734935592.5,7556,1165370,7556,38,7557,40,501173,1.30996e+11
1734935593.0,7556,1165424,7555,178,7556,51,501148,1.31002e+11
1734935593.5,7555,1165538,7555,120,7556,50,501143,1.31015e+11
1734935594.0,7555,1165645,7555,24,7556,50,501130,1.31027e+11
1734935594.5,7554,1165690,7554,60,7555,59,501116,1.31032e+11
1734935595.0,7554,1165737,7554,27,7555,60,501104,1.31038e+11
1734935595.5,7554,1165770,7554,16,7555,66,501092,1.31041e+11
1734935596.0,7554,1165796,7553,31,7554,28,501072,1.31044e+11
1734935596.5,7554,1165862,7553,69,7554,6,501056,1.31052e+11
1734935597.0,7554,1165923,7554,111,7555,36,501030,1.31059e+11
1734935597.5,7554,1166019,7554,57,7555,2,500996,1.3107e+11
1734935598.0,7554,1166040,7554,57,7556,44,500983,1.31072e+11
1734935598.5,7554,1166099,7554,74,7556,42,501003,1.31079e+11
1734935599.0,7555,1166128,7555,40,7556,41,500995,1.31082e+11
1734935599.5,7554,1166227,7553,77,7554,59,500946,1.31093e+11
1734935600.0,7554,1166254,7553,72,7554,39,500935,1.31096e+11
1734935600.5,7554,1166349,7553,18,7555,14,500859,1.31107e+11
1734935601.0,7553,1166418,7552,133,7553,2,500812,1.31115e+11
1734935601.5,7553,1166444,7552,122,7553,2,500803,1.31118e+11
1734935602.0,7553,1166462,7553,1,7554,34,500800,1.3112e+11
1734935602.5,7553,1166508,7553,6,7554,54,500781,1.31125e+11
1734935603.0,7552,1166561,7552,115,7553,33,500765,1.31131e+11
1734935603.5,7553,1166636,7552,86,7553,8,500738,1.31139e+11
1734935604.0,7554,1166652,7552,88,7554,50,500749,1.31141e+11
1734935604.5,7553,1166690,7553,1,7554,25,500746,1.31146e+11
1734935605.0,7552,1166751,7552,91,7553,3,500739,1.31152e+11
1734935605.5,7554,1166757,7553,24,7554,25,500742,1.31153e+11
1734935606.0,7553,1166767,7553,102,7554,49,500741,1.31154e+11
1734935606.5,7553,1166779,7553,98,7554,19,500740,1.31156e+11
1734935607.0,7553,1166787,7553,102,7554,34,500742,1.31157e+11
1734935607.5,7553,1166820,7553,72,7554,35,500741,1.3116e+11
1734935608.0,7553,1166843,7553,97,7554,43,500723,1.31163e+11
1734935608.5,7553,1166862,7553,91,7554,35,500708,1.31165e+11
1734935609.0,7554,1166888,7553,77,7554,28,500703,1.31168e+11
1734935609.5,7553,1166901,7553,70,7554,30,500698,1.31169e+11
1734935610.0,7553,1166905,7553,93,7554,28,500695,1.3117e+11
1734935610.5,7554,1166956,7553,80,7555,47,500693,1.31176e+11
1734935611.0,7553,1167068,7553,12,7555,37,500610,1.31188e+11
1734935611.5,7554,1167075,7553,99,7554,5,500610,1.31189e+11
1734935612.0,7554,1167084,7554,68,7555,41,500604,1.3119e+11
1734935612.5,7555,1167097,7554,78,7555,16,500612,1.31192e+11
1734935613.0,7554,1167123,7554,78,7556,43,500599,1.31195e+11
1734935613.5,7554,1167130,7554,76,7556,46,500601,1.31195e+11
1734935614.0,7554,1167131,7554,77,7555,3,500601,1.31196e+11
1734935614.5,7555,1167132,7554,78,7555,2,500600,1.31196e+11
1734935615.0,7555,1167139,7555,5,7556,49,500603,1.31196e+11
1734935615.5,7556,1167141,7555,39,7556,48,500605,1.31197e+11
1734935616.0,7555,1167145,7555,42,7556,45,500607,1.31197e+11
1734935616.5,7556,1167154,7555,44,7556,42,500608,1.31198e+11
1734935617.0,7555,1167176,7555,30,7556,44,500595,1.31201e+11
1734935617.5,7555,1167177,7555,31,7556,48,500594,1.31201e+11
1734935618.0,7555,1167197,7555,18,7556,59,500594,1.31203e+11
1734935618.5,7555,1167215,7554,72,7555,8,500596,1.31205e+11
1734935619.0,7555,1167221,7554,71,7555,20,500598,1.31206e+11
1734935619.5,7555,1167221,7554,71,7555,35,500598,1.31206e+11
1734935620.0,7555,1167234,7554,58,7555,29,500596,1.31207e+11
1734935620.5,7554,1167238,7554,55,7555,36,500595,1.31208e+11
1734935621.0,7555,1167245,7554,54,7555,33,500595,1.31208e+11
1734935621.5,7554,1167282,7554,51,7555,2,500613,1.31213e+11
1734935622.0,7554,1167290,7554,41,7555,15,500615,1.31214e+11
1734935622.5,7554,1167298,7554,46,7555,95,500617,1.31214e+11
1734935623.0,7554,1167321,7554,22,7555,98,500601,1.31217e+11
1734935623.5,7554,1167367,7553,90,7555,99,500615,1.31222e+11
1734935624.0,7554,1167370,7553,90,7554,50,500616,1.31223e+11
1734935624.5,7554,1167377,7553,77,7554,52,500618,1.31223e+11
1734935625.0,7553,1167380,7553,74,7554,50,500619,1.31224e+11
1734935625.5,7553,1167390,7553,74,7554,50,500629,1.31225e+11
1734935626.0,7553,1167390,7553,74,7554,50,500629,1.31225e+11
1734935626.5,7554,1167395,7553,146,7554,48,500632,1.31225e+11
1734935627.0,7554,1167399,7553,157,7554,47,500629,1.31226e+11
1734935627.5,7554,1167416,7553,154,7554,36,500635,1.31228e+11
1734935628.0,7553,1167455,7553,151,7555,123,500644,1.31232e+11
1734935628.5,7554,1167458,7554,23,7555,116,500643,1.31233e+11
1734935629.0,7554,1167471,7554,8,7555,91,500636,1.31234e+11
1734935629.5,7554,1167486,7554,13,7555,90,500636,1.31236e+11
1734935630.0,7554,1167520,7553,152,7554,14,500603,1.3124e+11
1734935630.5,7554,1167538,7553,153,7554,12,500603,1.31242e+11
1734935631.0,7553,1167565,7553,147,7555,87,500605,1.31245e+11
1734935631.5,7554,1167574,7554,11,7555,86,500600,1.31246e+11
1734935632.0,7554,1167579,7554,9,7555,87,500601,1.31246e+11
1734935632.5,7554,1167585,7554,5,7555,89,500601,1.31247e+11
1734935633.0,7554,1167588,7554,3,7555,89,500600,1.31247e+11
1734935633.5,7554,1167591,7554,1,7555,89,500599,1.31248e+11
1734935634.0,7555,1167600,7553,149,7555,90,500599,1.31249e+11
1734935634.5,7554,1167636,7554,1,7555,88,500598,1.31253e+11
1734935635.0,7555,1167637,7554,2,7555,87,500598,1.31253e+11
1734935635.5,7553,1167641,7553,163,7554,6,500596,1.31253e+11
1734935636.0,7553,1167652,7553,162,7554,3,500606,1.31255e+11
1734935636.5,7553,1167658,7553,167,7554,14,500607,1.31255e+11
1734935637.0,7553,1167661,7553,166,7554,25,500608,1.31256e+11
1734935637.5,7554,1167666,7553,168,7554,22,500609,1.31256e+11
1734935638.0,7554,1167705,7553,161,7555,91,500622,1.31261e+11
1734935638.5,7554,1167708,7554,5,7555,96,500621,1.31261e+11
1734935639.0,7554,1167715,7554,9,7555,95,500618,1.31262e+11
1734935639.5,7554,1167720,7554,14,7555,97,500620,1.31262e+11
1734935640.0,7554,1167721,7554,16,7555,99,500620,1.31262e+11
1734935640.5,7554,1167727,7554,29,7555,99,500624,1.31263e+11
1734935641.0,7554,1167743,7554,38,7555,60,500626,1.31265e+11
1734935641.5,7554,1167816,7554,26,7555,9,500663,1.31273e+11
1734935642.0,7555,1167828,7555,47,7556,71,500658,1.31275e+11
1734935642.5,7555,1167840,7555,47,7556,61,500658,1.31276e+11
1734935643.0,7556,1167845,7555,58,7556,56,500655,1.31276e+11
1734935643.5,7555,1167854,7555,54,7556,53,500658,1.31277e+11
1734935644.0,7555,1167857,7555,55,7556,52,500659,1.31278e+11
1734935644.5,7556,1167924,7556,8,7557,39,500692,1.31285e+11
1734935645.0,7556,1167926,7556,175,7557,49,500692,1.31286e+11
1734935645.5,7557,1167981,7557,2,7558,33,500691,1.31292e+11
1734935646.0,7558,1167995,7557,22,7558,61,500692,1.31293e+11
1734935646.5,7558,1168015,7557,11,7558,52,500694,1.31296e+11
1734935647.0,7557,1168029,7556,172,7557,6,500690,1.31297e+11
1734935647.5,7557,1168032,7556,171,7557,49,500690,1.31298e+11
1734935648.0,7557,1168066,7556,135,7557,49,500715,1.31301e+11
1734935648.5,7557,1168071,7556,131,7557,53,500718,1.31302e+11
1734935649.0,7557,1168078,7556,129,7557,49,500722,1.31303e+11
1734935649.5,7557,1168089,7556,125,7557,42,500717,1.31304e+11
1734935650.0,7557,1168096,7556,12,7557,37,500717,1.31305e+11
1734935650.5,7556,1168124,7555,42,7556,2,500710,1.31308e+11
1734935651.0,7555,1168127,7555,42,7556,9,500712,1.31308e+11
1734935651.5,7556,1168138,7555,41,7556,1,500710,1.3131e+11
1734935652.0,7557,1168140,7556,5,7557,42,500710,1.3131e+11
1734935652.5,7556,1168172,7556,1,7557,12,500716,1.31314e+11
1734935653.0,7556,1168176,7556,45,7557,18,500716,1.31314e+11
1734935653.5,7557,1168177,7556,37,7557,9,500717,1.31314e+11
1734935654.0,7556,1168217,7555,55,7556,45,500738,1.31319e+11
1734935654.5,7556,1168218,7555,52,7556,49,500739,1.31319e+11
1734935655.0,7556,1168238,7555,53,7556,35,500742,1.31321e+11
1734935655.5,7556,1168239,7555,55,7556,33,500743,1.31321e+11
1734935656.0,7555,1168243,7555,57,7556,30,500746,1.31322e+11
1734935656.5,7556,1168247,7555,57,7556,28,500746,1.31322e+11
1734935657.0,7555,1168253,7555,67,7556,23,500746,1.31323e+11
1734935657.5,7555,1168260,7555,72,7556,25,500752,1.31323e+11
1734935658.0,7555,1168277,7555,76,7556,13,500746,1.31325e+11
1734935658.5,7556,1168296,7556,23,7557,37,500742,1.31328e+11
1734935659.0,7556,1168297,7556,23,7557,37,500742,1.31328e+11
1734935659.5,7556,1168308,7556,14,7557,37,500749,1.31329e+11
1734935660.0,7557,1168312,7556,13,7557,35,500746,1.31329e+11
1734935660.5,7556,1168322,7556,15,7557,37,500739,1.31331e+11
1734935661.0,7557,1168329,7556,10,7557,37,500740,1.31331e+11
1734935661.5,7556,1168347,7556,14,7557,23,500747,1.31333e+11
1734935662.0,7557,1168360,7556,20,7557,12,500753,1.31335e+11
1734935662.5,7556,1168373,7556,19,7557,11,500752,1.31336e+11
1734935663.0,7557,1168376,7556,18,7557,19,500752,1.31337e+11
1734935663.5,7556,1168387,7556,10,7557,38,500761,1.31338e+11
1734935664.0,7555,1168399,7555,103,7556,10,500769,1.31339e+11
1734935664.5,7556,1168410,7555,114,7556,4,500769,1.3134e+11
1734935665.0,7557,1168417,7556,1,7557,37,500772,1.31341e+11
1734935665.5,7555,1168419,7556,20,7557,37,500773,1.31342e+11
1734935666.0,7556,1168421,7556,25,7557,27,500774,1.31342e+11
1734935666.5,7556,1168421,7556,25,7557,24,500774,1.31342e+11
1734935667.0,7557,1168426,7556,34,7557,25,500774,1.31342e+11
1734935667.5,7556,1168467,7555,119,7556,27,500810,1.31347e+11
1734935668.0,7556,1168476,7555,121,7556,30,500812,1.31348e+11
1734935668.5,7556,1168480,7555,123,7556,27,500812,1.31348e+11
1734935669.0,7556,1168481,7555,124,7556,27,500812,1.31349e+11
1734935669.5,7556,1168485,7555,124,7556,25,500814,1.31349e+11
1734935670.0,7556,1168488,7555,124,7556,28,500817,1.31349e+11
1734935670.5,7556,1168503,7555,125,7556,14,500830,1.31351e+11
1734935671.0,7556,1168505,7555,130,7556,12,500832,1.31351e+11
1734935671.5,7556,1168517,7555,121,7556,18,500831,1.31353e+11
1734935672.0,7556,1168521,7555,122,7556,14,500832,1.31353e+11
1734935672.5,7556,1168527,7555,123,7556,9,500833,1.31354e+11
1734935673.0,7556,1168528,7555,122,7556,8,500834,1.31354e+11
1734935673.5,7556,1168530,7555,123,7556,7,500833,1.31354e+11
1734935674.0,7556,1168535,7555,124,7556,3,500833,1.31355e+11
1734935674.5,7556,1168538,7555,123,7556,3,500835,1.31355e+11
1734935675.0,7556,1168540,7555,113,7556,1,500836,1.31355e+11
1734935675.5,7555,1168558,7555,103,7556,29,500837,1.31357e+11
1734935676.0,7555,1168583,7555,103,7556,30,500816,1.3136e+11
1734935676.5,7556,1168607,7556,93,7557,42,500818,1.31363e+11
1734935677.0,7556,1168623,7556,91,7557,30,500819,1.31365e+11
1734935677.5,7556,1168626,7556,92,7557,28,500817,1.31365e+11
1734935678.0,7557,1168637,7556,113,7557,21,500813,1.31366e+11
1734935678.5,7556,1168647,7556,119,7557,11,500818,1.31367e+11
1734935679.0,7558,1168675,7557,8,7558,58,500824,1.31371e+11
1734935679.5,7558,1168675,7557,72,7558,54,500824,1.31371e+11
1734935680.0,7557,1168681,7557,73,7558,49,500826,1.31371e+11
1734935680.5,7557,1168686,7557,61,7558,49,500825,1.31372e+11
1734935681.0,7557,1168696,7557,26,7558,45,500827,1.31373e+11
1734935681.5,7557,1168703,7557,16,7558,56,500830,1.31374e+11
1734935682.0,7557,1168708,7557,11,7558,54,500830,1.31374e+11
1734935682.5,7558,1168712,7557,33,7558,41,500827,1.31375e+11
1734935683.0,7558,1168719,7557,32,7558,37,500826,1.31376e+11
1734935683.5,7557,1168720,7557,35,7558,50,500826,1.31376e+11
1734935684.0,7558,1168721,7557,42,7558,40,500826,1.31376e+11
1734935684.5,7558,1168726,7557,40,7558,35,500828,1.31376e+11
1734935685.0,7558,1168731,7557,48,7558,39,500830,1.31377e+11
1734935685.5,7558,1168737,7557,45,7558,55,500834,1.31378e+11
1734935686.0,7557,1168748,7557,34,7558,66,500834,1.31379e+11
1734935686.5,7558,1168783,7556,51,7558,55,500858,1.31383e+11
1734935687.0,7558,1168846,7556,53,7557,6,500872,1.3139e+11
1734935687.5,7557,1168883,7557,4,7558,25,500875,1.31394e+11
1734935688.0,7558,1168892,7557,16,7558,47,500872,1.31395e+11
1734935688.5,7558,1168896,7556,55,7558,50,500870,1.31396e+11
1734935689.0,7556,1168898,7556,53,7557,7,500870,1.31396e+11
1734935689.5,7558,1168912,7556,57,7558,35,500864,1.31397e+11
1734935690.0,7558,1168915,7557,6,7558,29,500866,1.31398e+11
1734935690.5,7558,1168916,7557,13,7558,32,500866,1.31398e+11
1734935691.0,7558,1168923,7557,5,7558,54,500866,1.31399e+11
1734935691.5,7557,1168927,7556,55,7558,54,500865,1.31399e+11
1734935692.0,7557,1168957,7556,35,7557,15,500840,1.31402e+11
1734935692.5,7557,1168958,7556,40,7557,26,500841,1.31403e+11
1734935693.0,7557,1168962,7556,43,7557,26,500845,1.31403e+11
1734935693.5,7557,1168969,7556,48,7557,20,500847,1.31404e+11
1734935694.0,7557,1168971,7556,51,7557,6,500849,1.31404e+11
1734935694.5,7556,1169011,7556,31,7557,6,500837,1.31409e+11
1734935695.0,7557,1169014,7556,41,7557,43,500837,1.31409e+11
1734935695.5,7557,1169039,7556,9,7557,13,500846,1.31412e+11
1734935696.0,7556,1169053,7556,37,7557,1,500843,1.31413e+11
1734935696.5,7557,1169064,7556,29,7557,1,500838,1.31415e+11
1734935697.0,7557,1169065,7557,1,7558,59,500837,1.31415e+11
1734935697.5,7558,1169074,7557,2,7558,33,500836,1.31416e+11
1734935698.0,7557,1169077,7557,30,7558,42,500838,1.31416e+11
1734935698.5,7558,1169080,7557,34,7558,26,500838,1.31416e+11
1734935699.0,7557,1169083,7557,34,7558,19,500838,1.31417e+11
1734935699.5,7557,1169092,7557,38,7558,11,500838,1.31418e+11
1734935700.0,7557,1169104,7557,33,7558,7,500838,1.31419e+11
1734935700.5,7558,1169106,7557,40,7558,16,500838,1.31419e+11
1734935701.0,7557,1169144,7557,37,7558,15,500834,1.31424e+11
1734935701.5,7558,1169157,7557,29,7558,101,500834,1.31425e+11
1734935702.0,7557,1169205,7556,31,7557,211,500839,1.31431e+11
1734935702.5,7555,1169258,7555,113,7556,242,500859,1.31437e+11
1734935703.0,7555,1169414,7554,22,7555,182,500923,1.31454e+11
1734935703.5,7554,1169442,7553,153,7554,48,500917,1.31457e+11
1734935704.0,7554,1169457,7553,154,7554,29,500914,1.31459e+11
1734935704.5,7554,1169459,7553,146,7554,38,500915,1.31459e+11
1734935705.0,7554,1169474,7553,148,7554,30,500927,1.31461e+11
1734935705.5,7554,1169480,7553,145,7554,52,500927,1.31462e+11
1734935706.0,7554,1169596,7553,33,7554,49,500907,1.31475e+11
1734935706.5,7553,1169635,7552,145,7553,35,500893,1.31479e+11
1734935707.0,7553,1169661,7552,152,7553,51,500886,1.31482e+11
1734935707.5,7553,1169671,7552,142,7553,30,500879,1.31483e+11
1734935708.0,7553,1169679,7552,136,7553,15,500876,1.31484e+11
1734935708.5,7552,1169691,7552,135,7553,6,500869,1.31486e+11
1734935709.0,7552,1169715,7552,115,7553,4,500847,1.31488e+11
1734935709.5,7552,1169726,7552,123,7553,25,500843,1.3149e+11
1734935710.0,7552,1169732,7552,122,7553,5,500838,1.3149e+11
1734935710.5,7552,1169753,7552,130,7554,52,500831,1.31493e+11
1734935711.0,7552,1169755,7553,7,7554,52,500831,1.31493e+11
1734935711.5,7554,1169756,7553,24,7554,50,500830,1.31493e+11
1734935712.0,7553,1169779,7553,19,7554,33,500816,1.31496e+11
1734935712.5,7553,1169781,7553,30,7554,3,500815,1.31496e+11
1734935713.0,7553,1169783,7553,39,7554,17,500814,1.31496e+11
1734935713.5,7554,1169791,7553,38,7554,11,500807,1.31497e+11
1734935714.0,7553,1169798,7553,47,7554,4,500803,1.31498e+11
1734935714.5,7553,1169822,7553,26,7554,2,500799,1.31501e+11
1734935715.0,7554,1169823,7553,25,7554,83,500798,1.31501e+11
1734935715.5,7553,1169857,7552,131,7553,2,500815,1.31504e+11
1734935716.0,7553,1169864,7552,133,7553,10,500811,1.31505e+11
1734935716.5,7553,1169869,7552,134,7553,8,500809,1.31506e+11
1734935717.0,7552,1169871,7552,133,7553,7,500808,1.31506e+11
1734935717.5,7553,1169879,7553,82,7554,76,500809,1.31507e+11
1734935718.0,7553,1169938,7553,33,7554,43,500796,1.31514e+11
1734935718.5,7553,1169983,7552,141,7553,29,500809,1.31519e+11
1734935719.0,7553,1169984,7552,144,7553,47,500809,1.31519e+11
1734935719.5,7553,1170028,7552,106,7553,63,500795,1.31524e+11
1734935720.0,7552,1170094,7552,46,7553,73,500801,1.31531e+11
1734935720.5,7552,1170232,7551,122,7552,6,500758,1.31547e+11
1734935721.0,7552,1170256,7551,106,7552,39,500744,1.3155e+11
1734935721.5,7552,1170260,7551,107,7552,32,500743,1.3155e+11
1734935722.0,7551,1170267,7551,102,7552,31,500745,1.31551e+11
1734935722.5,7551,1170308,7551,71,7552,54,500724,1.31556e+11
1734935723.0,7551,1170323,7551,62,7552,61,500717,1.31557e+11
1734935723.5,7552,1170341,7551,45,7552,60,500718,1.31559e+11
1734935724.0,7551,1170388,7550,174,7551,54,500710,1.31565e+11
1734935724.5,7550,1170452,7550,112,7551,71,500708,1.31572e+11
1734935725.0,7550,1170641,7549,98,7550,6,500652,1.31593e+11
1734935725.5,7549,1170667,7549,78,7550,18,500636,1.31596e+11
1734935726.0,7549,1170762,7548,75,7549,20,500606,1.31607e+11
1734935726.5,7550,1170895,7549,3,7551,50,500579,1.31622e+11
1734935727.0,7549,1170916,7549,103,7550,1,500568,1.31624e+11
1734935727.5,7551,1170952,7550,58,7551,58,500573,1.31628e+11
1734935728.0,7550,1171015,7550,51,7551,18,500578,1.31636e+11
1734935728.5,7551,1171033,7550,54,7551,4,500570,1.31638e+11
1734935729.0,7550,1171084,7550,4,7551,8,500543,1.31643e+11
1734935729.5,7550,1171096,7550,4,7551,87,500532,1.31645e+11
1734935730.0,7550,1171109,7549,151,7550,5,500522,1.31646e+11
1734935730.5,7550,1171195,7549,58,7550,19,500536,1.31656e+11
1734935731.0,7550,1171212,7549,68,7550,61,500528,1.31658e+11
1734935731.5,7549,1171228,7549,66,7550,50,500527,1.3166e+11
1734935732.0,7550,1171240,7549,74,7550,32,500522,1.31661e+11
1734935732.5,7550,1171254,7549,80,7550,26,500525,1.31663e+11
1734935733.0,7550,1171288,7550,75,7551,97,500532,1.31667e+11
1734935733.5,7550,1171309,7550,63,7551,22,500541,1.31669e+11
1734935734.0,7550,1171318,7550,64,7551,15,500540,1.3167e+11
1734935734.5,7550,1171329,7550,57,7551,16,500550,1.31671e+11
1734935735.0,7551,1171353,7550,46,7551,8,500540,1.31674e+11
1734935735.5,7551,1171376,7550,34,7551,10,500526,1.31677e+11
1734935736.0,7550,1171394,7550,41,7551,1,500523,1.31679e+11
1734935736.5,7550,1171404,7550,42,7551,1,500521,1.3168e+11
1734935737.0,7550,1171454,7549,86,7550,11,500488,1.31685e+11
1734935737.5,7550,1171540,7550,15,7551,15,500535,1.31695e+11
1734935738.0,7550,1171566,7550,61,7551,14,500519,1.31698e+11
1734935738.5,7551,1171571,7550,57,7552,55,500518,1.31699e+11
1734935739.0,7551,1171576,7550,61,7551,19,500514,1.31699e+11
1734935739.5,7550,1171579,7550,72,7551,20,500513,1.317e+11
1734935740.0,7550,1171582,7550,62,7551,19,500513,1.317e+11
1734935740.5,7550,1171586,7550,61,7551,19,500509,1.317e+11
1734935741.0,7551,1171592,7550,56,7551,19,500507,1.31701e+11
1734935741.5,7550,1171597,7550,66,7551,17,500505,1.31702e+11
1734935742.0,7551,1171612,7550,58,7551,7,500498,1.31703e+11
1734935742.5,7551,1171619,7550,60,7551,32,500495,1.31704e+11
1734935743.0,7551,1171621,7550,60,7551,31,500495,1.31704e+11
1734935743.5,7551,1171645,7550,75,7551,8,500493,1.31707e+11
1734935744.0,7551,1171659,7550,77,7552,57,500484,1.31709e+11
1734935744.5,7551,1171662,7551,3,7552,61,500481,1.31709e+11
1734935745.0,7551,1171664,7551,4,7552,47,500480,1.31709e+11
1734935745.5,7551,1171666,7551,11,7552,44,500481,1.31709e+11
1734935746.0,7551,1171671,7551,7,7552,33,500484,1.3171e+11
1734935746.5,7550,1171684,7551,2,7552,31,500480,1.31711e+11
1734935747.0,7551,1171687,7551,4,7552,55,500479,1.31712e+11
1734935747.5,7552,1171692,7551,150,7552,56,500479,1.31712e+11
1734935748.0,7551,1171704,7551,142,7552,38,500487,1.31714e+11
1734935748.5,7552,1171725,7551,125,7552,33,500490,1.31716e+11
1734935749.0,7552,1171735,7551,121,7552,58,500489,1.31717e+11
1734935749.5,7552,1171736,7551,123,7552,63,500488,1.31717e+11
1734935750.0,7552,1171740,7551,124,7552,40,500485,1.31718e+11
1734935750.5,7552,1171749,7551,121,7552,21,500486,1.31719e+11
1734935751.0,7552,1171759,7551,119,7552,15,500488,1.3172e+11
1734935751.5,7551,1171763,7551,118,7552,13,500487,1.3172e+11
1734935752.0,7551,1171768,7551,116,7552,12,500487,1.31721e+11
1734935752.5,7551,1171779,7551,107,7552,28,500496,1.31722e+11
1734935753.0,7552,1171793,7551,100,7552,52,500496,1.31724e+11
1734935753.5,7551,1171797,7551,99,7552,50,500497,1.31724e+11
1734935754.0,7551,1171821,7551,96,7552,29,500496,1.31727e+11
1734935754.5,7551,1171826,7551,93,7552,29,500496,1.31727e+11
1734935755.0,7552,1171836,7551,96,7552,19,500486,1.31729e+11
1734935755.5,7551,1171840,7551,92,7553,44,500489,1.31729e+11
1734935756.0,7552,1171846,7551,92,7552,4,500490,1.3173e+11
1734935756.5,7552,1171853,7551,89,7552,2,500491,1.31731e+11
1734935757.0,7552,1171857,7552,7,7553,56,500493,1.31731e+11
1734935757.5,7552,1171861,7552,7,7553,54,500497,1.31731e+11
1734935758.0,7553,1171922,7553,25,7554,40,500543,1.31738e+11
1734935758.5,7553,1171951,7552,25,7553,16,500542,1.31742e+11
1734935759.0,7553,1172036,7552,26,7554,48,500566,1.31751e+11
1734935759.5,7553,1172043,7552,25,7553,40,500561,1.31752e+11
1734935760.0,7553,1172110,7553,15,7554,52,500601,1.3176e+11
1734935760.5,7554,1172121,7553,11,7554,46,500601,1.31761e+11
1734935761.0,7552,1172137,7552,23,7553,15,500602,1.31763e+11
1734935761.5,7553,1172266,7552,13,7553,5,500597,1.31777e+11
1734935762.0,7553,1172271,7552,28,7553,9,500595,1.31778e+11
1734935762.5,7553,1172298,7553,55,7554,49,500613,1.31781e+11
1734935763.0,7553,1172351,7553,17,7554,40,500661,1.31787e+11
1734935763.5,7552,1172369,7553,2,7554,46,500653,1.31789e+11
1734935764.0,7552,1172406,7551,106,7552,54,500628,1.31793e+11
1734935764.5,7552,1172408,7551,106,7552,52,500626,1.31793e+11
1734935765.0,7551,1172410,7551,106,7552,55,500627,1.31794e+11
1734935765.5,7552,1172416,7551,104,7552,52,500628,1.31794e+11
1734935766.0,7551,1172425,7551,99,7552,50,500634,1.31795e+11
1734935766.5,7552,1172476,7552,30,7553,43,500636,1.31801e+11
1734935767.0,7553,1172481,7552,31,7553,52,500640,1.31802e+11
1734935767.5,7553,1172497,7552,27,7553,52,500655,1.31804e+11
1734935768.0,7553,1172502,7552,23,7553,51,500656,1.31804e+11
1734935768.5,7552,1172524,7552,4,7553,45,500647,1.31807e+11
1734935769.0,7553,1172528,7552,2,7553,45,500646,1.31807e+11
1734935769.5,7553,1172528,7552,2,7553,45,500646,1.31807e+11
1734935770.0,7552,1172618,7551,116,7552,256,500719,1.31817e+11
1734935770.5,7552,1172618,7551,115,7552,271,500719,1.31817e+11
1734935771.0,7552,1172618,7551,115,7552,272,500719,1.31817e+11
1734935771.5,7551,1172626,7551,112,7552,270,500719,1.31818e+11
1734935772.0,7552,1172628,7551,114,7552,269,500720,1.31818e+11
1734935772.5,7552,1172633,7551,114,7552,267,500721,1.31819e+11
1734935773.0,7552,1172651,7551,101,7552,262,500736,1.31821e+11
1734935773.5,7551,1172656,7551,94,7552,261,500739,1.31822e+11
1734935774.0,7551,1172717,7551,35,7552,261,500723,1.31828e+11
1734935774.5,7551,1172755,7550,156,7551,44,500714,1.31833e+11
1734935775.0,7551,1172766,7550,151,7551,49,500710,1.31834e+11
1734935775.5,7551,1172787,7550,151,7551,31,500708,1.31836e+11
1734935776.0,7550,1172790,7550,150,7551,95,500707,1.31837e+11
1734935776.5,7551,1172794,7550,162,7551,92,500704,1.31837e+11
1734935777.0,7550,1172799,7550,161,7551,87,500699,1.31838e+11
1734935777.5,7551,1172815,7550,160,7551,72,500696,1.3184e+11
1734935778.0,7550,1172821,7550,154,7551,73,500694,1.3184e+11
1734935778.5,7551,1172827,7550,166,7551,70,500689,1.31841e+11
1734935779.0,7550,1172835,7550,162,7551,70,500692,1.31842e+11
1734935779.5,7551,1172837,7550,163,7551,72,500691,1.31842e+11
1734935780.0,7550,1172845,7550,161,7551,68,500689,1.31843e+11
1734935780.5,7550,1172867,7550,161,7551,47,500668,1.31845e+11
1734935781.0,7551,1172871,7550,173,7551,44,500667,1.31846e+11
1734935781.5,7551,1172914,7550,176,7551,6,500672,1.31851e+11
1734935782.0,7552,1172928,7551,39,7552,259,500678,1.31852e+11
1734935782.5,7552,1172934,7551,39,7552,258,500674,1.31853e+11
1734935783.0,7552,1172935,7551,35,7552,259,500674,1.31853e+11
1734935783.5,7551,1172937,7551,33,7552,259,500673,1.31853e+11
1734935784.0,7552,1172940,7551,31,7552,257,500674,1.31854e+11
1734935784.5,7552,1172940,7551,31,7552,257,500674,1.31854e+11
1734935785.0,7551,1172943,7551,23,7552,257,500673,1.31854e+11
1734935785.5,7551,1172944,7551,23,7552,263,500673,1.31854e+11
1734935786.0,7551,1172959,7551,8,7552,263,500664,1.31856e+11
1734935786.5,7551,1172963,7551,6,7552,280,500662,1.31856e+11
1734935787.0,7551,1172972,7550,187,7551,22,500659,1.31857e+11
1734935787.5,7551,1172976,7550,187,7551,85,500659,1.31858e+11
1734935788.0,7551,1172977,7550,188,7551,85,500659,1.31858e+11
1734935788.5,7551,1172981,7550,186,7551,84,500656,1.31858e+11
1734935789.0,7550,1172982,7550,185,7551,84,500656,1.31858e+11
1734935789.5,7551,1172986,7550,190,7551,81,500659,1.31859e+11
1734935790.0,7550,1173006,7550,189,7551,31,500661,1.31861e+11
1734935790.5,7550,1173024,7550,184,7551,12,500658,1.31863e+11
1734935791.0,7550,1173037,7550,174,7551,10,500658,1.31865e+11
1734935791.5,7550,1173042,7550,170,7551,10,500657,1.31865e+11
1734935792.0,7551,1173053,7550,166,7551,4,500655,1.31866e+11
1734935792.5,7551,1173058,7550,166,7552,289,500652,1.31867e+11
1734935793.0,7551,1173080,7550,166,7552,272,500658,1.3187e+11
1734935793.5,7551,1173080,7550,166,7552,283,500658,1.3187e+11
1734935794.0,7550,1173088,7551,40,7552,283,500658,1.3187e+11
1734935794.5,7551,1173119,7551,12,7552,298,500687,1.31874e+11
1734935795.0,7551,1173135,7550,168,7551,18,500694,1.31876e+11
1734935795.5,7551,1173136,7550,168,7551,44,500694,1.31876e+11
1734935796.0,7551,1173137,7550,168,7551,45,500694,1.31876e+11
1734935796.5,7550,1173140,7550,169,7551,45,500694,1.31876e+11
1734935797.0,7551,1173148,7550,169,7551,38,500687,1.31877e+11
1734935797.5,7551,1173187,7551,3,7552,299,500710,1.31882e+11
1734935798.0,7551,1173189,7551,8,7552,299,500710,1.31882e+11
1734935798.5,7551,1173193,7551,55,7552,298,500714,1.31882e+11
1734935799.0,7551,1173193,7551,57,7552,301,500714,1.31882e+11
1734935799.5,7551,1173195,7551,55,7552,303,500714,1.31883e+11
1734935800.0,7551,1173210,7551,40,7552,303,500708,1.31884e+11
1734935800.5,7551,1173226,7551,41,7552,302,500695,1.31886e+11
1734935801.0,7551,1173232,7551,36,7552,307,500694,1.31887e+11
1734935801.5,7551,1173256,7551,15,7552,307,500697,1.31889e+11
1734935802.0,7551,1173258,7551,16,7552,291,500697,1.3189e+11
1734935802.5,7551,1173275,7550,163,7551,3,500682,1.31892e+11
1734935803.0,7550,1173287,7550,161,7551,13,500687,1.31893e+11
1734935803.5,7551,1173289,7550,160,7551,20,500686,1.31893e+11
1734935804.0,7550,1173301,7550,162,7551,10,500682,1.31895e+11
1734935804.5,7551,1173305,7550,163,7551,8,500684,1.31895e+11
1734935805.0,7550,1173306,7550,164,7551,4,500683,1.31895e+11
1734935805.5,7550,1173364,7550,111,7552,289,500711,1.31902e+11
1734935806.0,7551,1173377,7550,163,7551,34,500712,1.31903e+11
1734935806.5,7550,1173380,7550,166,7551,20,500711,1.31904e+11
1734935807.0,7552,1173388,7551,30,7552,320,500712,1.31904e+11
1734935807.5,7552,1173392,7551,45,7552,318,500713,1.31905e+11
1734935808.0,7551,1173394,7551,45,7552,322,500714,1.31905e+11
1734935808.5,7551,1173395,7551,25,7552,323,500714,1.31905e+11
1734935809.0,7551,1173400,7551,20,7552,323,500714,1.31906e+11
1734935809.5,7551,1173410,7551,17,7552,330,500712,1.31907e+11
1734935810.0,7551,1173414,7551,14,7552,336,500709,1.31907e+11
1734935810.5,7551,1173415,7551,15,7552,330,500709,1.31907e+11
1734935811.0,7551,1173422,7551,13,7552,327,500712,1.31908e+11
1734935811.5,7551,1173425,7551,25,7552,329,500709,1.31909e+11
1734935812.0,7552,1173429,7551,44,7552,327,500710,1.31909e+11
1734935812.5,7551,1173449,7551,31,7552,328,500715,1.31911e+11
1734935813.0,7551,1173450,7551,30,7552,328,500716,1.31911e+11
1734935813.5,7551,1173455,7551,26,7552,328,500714,1.31912e+11
1734935814.0,7551,1173481,7550,190,7551,2,500735,1.31915e+11
1734935814.5,7551,1173489,7550,191,7551,4,500728,1.31916e+11
1734935815.0,7551,1173492,7550,192,7551,22,500727,1.31916e+11
1734935815.5,7551,1173531,7550,191,7551,4,500725,1.31921e+11
1734935816.0,7551,1173535,7550,193,7552,334,500726,1.31921e+11
1734935816.5,7550,1173539,7550,196,7551,1,500725,1.31922e+11
1734935817.0,7551,1173542,7550,197,7551,22,500726,1.31922e+11
1734935817.5,7550,1173543,7550,196,7551,22,500727,1.31922e+11
1734935818.0,7551,1173545,7550,196,7551,21,500729,1.31922e+11
1734935818.5,7550,1173547,7550,186,7551,20,500730,1.31922e+11
1734935819.0,7551,1173553,7550,188,7551,18,500730,1.31923e+11
1734935819.5,7551,1173606,7550,139,7551,19,500775,1.31929e+11
1734935820.0,7551,1173609,7550,140,7551,57,500775,1.31929e+11
1734935820.5,7550,1173630,7550,121,7551,50,500777,1.31932e+11
1734935821.0,7550,1173645,7550,117,7551,56,500776,1.31934e+11
1734935821.5,7550,1173655,7550,110,7551,57,500776,1.31935e+11
1734935822.0,7550,1173694,7550,76,7551,56,500807,1.31939e+11
1734935822.5,7550,1173777,7549,62,7551,53,500815,1.31948e+11
1734935823.0,7550,1173780,7549,75,7550,19,500813,1.31949e+11
1734935823.5,7549,1173842,7549,56,7550,1,500775,1.31956e+11
1734935824.0,7551,1173862,7549,41,7551,51,500766,1.31958e+11
1734935824.5,7549,1173877,7549,59,7550,38,500776,1.3196e+11
1734935825.0,7550,1173885,7549,54,7550,36,500782,1.31961e+11
1734935825.5,7549,1173887,7549,47,7550,41,500782,1.31961e+11
1734935826.0,7550,1173889,7549,44,7550,39,500782,1.31961e+11
1734935826.5,7549,1173898,7549,43,7550,35,500778,1.31962e+11
1734935827.0,7550,1173907,7549,35,7550,60,500771,1.31963e+11
1734935827.5,7550,1173971,7549,32,7550,13,500787,1.3197e+11
1734935828.0,7549,1173977,7549,29,7550,40,500787,1.31971e+11
1734935828.5,7549,1173981,7549,26,7550,56,500785,1.31972e+11
1734935829.0,7550,1173988,7549,29,7550,51,500786,1.31972e+11
1734935829.5,7549,1173991,7549,28,7550,51,500784,1.31973e+11
1734935830.0,7549,1173996,7549,28,7550,50,500781,1.31973e+11
1734935830.5,7549,1174027,7548,91,7549,16,500769,1.31977e+11
1734935831.0,7549,1174032,7548,91,7549,33,500767,1.31977e+11
1734935831.5,7548,1174059,7548,72,7549,20,500765,1.3198e+11
1734935832.0,7549,1174109,7548,41,7549,12,500741,1.31986e+11
1734935832.5,7548,1174143,7548,12,7549,29,500761,1.3199e+11
1734935833.0,7548,1174186,7547,43,7548,8,500760,1.31995e+11
1734935833.5,7547,1174206,7547,102,7548,8,500753,1.31997e+11
1734935834.0,7548,1174313,7548,50,7549,64,500667,1.32009e+11
1734935834.5,7547,1174384,7547,88,7548,9,500621,1.32017e+11
1734935835.0,7549,1174426,7547,80,7549,50,500601,1.32022e+11
1734935835.5,7548,1174517,7548,3,7549,50,500598,1.32032e+11
1734935836.0,7548,1174544,7548,31,7549,45,500595,1.32035e+11
1734935836.5,7548,1174575,7548,52,7549,31,500589,1.32039e+11
1734935837.0,7548,1174594,7548,29,7549,93,500593,1.32041e+11
1734935837.5,7549,1174633,7548,10,7549,77,500568,1.32045e+11
1734935838.0,7549,1174683,7547,66,7549,80,500586,1.32051e+11
1734935838.5,7549,1174700,7547,71,7548,13,500585,1.32053e+11
1734935839.0,7548,1174730,7547,49,7548,70,500603,1.32056e+11
1734935839.5,7547,1174734,7547,46,7548,72,500606,1.32057e+11
1734935840.0,7547,1174764,7547,25,7548,64,500583,1.3206e+11
1734935840.5,7547,1174799,7547,8,7548,55,500553,1.32064e+11
1734935841.0,7547,1174818,7546,102,7547,12,500562,1.32066e+11
1734935841.5,7547,1174861,7546,78,7547,84,500570,1.32071e+11
1734935842.0,7545,1174977,7545,153,7546,1,500577,1.32084e+11
1734935842.5,7545,1175158,7544,62,7545,19,500437,1.32105e+11
1734935843.0,7545,1175208,7544,25,7545,105,500437,1.3211e+11
1734935843.5,7545,1175230,7544,10,7545,99,500445,1.32113e+11
1734935844.0,7544,1175269,7543,49,7544,12,500430,1.32117e+11
1734935844.5,7544,1175386,7544,57,7546,102,500426,1.32131e+11
1734935845.0,7546,1175398,7545,46,7546,45,500421,1.32132e+11
1734935845.5,7544,1175496,7544,68,7546,17,500379,1.32143e+11
1734935846.0,7544,1175557,7544,38,7546,80,500372,1.3215e+11
1734935846.5,7545,1175569,7544,35,7545,34,500374,1.32151e+11
1734935847.0,7545,1175594,7544,34,7545,20,500367,1.32154e+11
1734935847.5,7545,1175610,7544,26,7545,3,500366,1.32156e+11
1734935848.0,7545,1175642,7545,14,7546,60,500354,1.3216e+11
1734935848.5,7545,1175672,7544,34,7546,44,500359,1.32163e+11
1734935849.0,7544,1175693,7544,78,7546,42,500341,1.32165e+11
1734935849.5,7546,1175702,7545,39,7546,35,500337,1.32166e+11
1734935850.0,7546,1175719,7545,31,7546,26,500337,1.32168e+11
1734935850.5,7545,1175775,7545,48,7546,23,500367,1.32175e+11
1734935851.0,7545,1175805,7545,28,7546,40,500368,1.32178e+11
1734935851.5,7546,1175813,7545,27,7546,46,500367,1.32179e+11
1734935852.0,7545,1175822,7545,19,7546,53,500370,1.3218e+11
1734935852.5,7545,1175840,7545,23,7546,47,500367,1.32182e+11
1734935853.0,7546,1175845,7545,31,7546,42,500365,1.32183e+11
1734935853.5,7546,1175862,7545,18,7546,39,500361,1.32185e+11
1734935854.0,7546,1175870,7545,34,7546,35,500358,1.32185e+11
1734935854.5,7546,1175873,7545,36,7546,34,500358,1.32186e+11
1734935855.0,7546,1175882,7545,35,7546,44,500355,1.32187e+11
1734935855.5,7545,1175891,7545,27,7546,46,500364,1.32188e+11
1734935856.0,7546,1175900,7545,30,7546,41,500367,1.32189e+11
1734935856.5,7546,1175902,7545,33,7546,41,500368,1.32189e+11
1734935857.0,7545,1175924,7545,35,7546,30,500373,1.32192e+11
1734935857.5,7546,1175961,7546,1,7547,88,500392,1.32196e+11
1734935858.0,7546,1175972,7546,4,7547,55,500391,1.32197e+11
1734935858.5,7547,1175989,7546,24,7547,44,500381,1.32199e+11
1734935859.0,7546,1176005,7546,12,7547,31,500383,1.32201e+11
1734935859.5,7547,1176015,7546,47,7547,29,500389,1.32202e+11
1734935860.0,7547,1176034,7546,40,7547,11,500389,1.32204e+11
1734935860.5,7546,1176044,7546,39,7547,8,500384,1.32205e+11
1734935861.0,7546,1176085,7545,79,7546,160,500395,1.3221e+11
1734935861.5,7546,1176104,7545,73,7546,159,500383,1.32212e+11
1734935862.0,7545,1176108,7545,62,7546,163,500384,1.32212e+11
1734935862.5,7546,1176115,7545,62,7546,156,500384,1.32213e+11
1734935863.0,7546,1176134,7545,79,7546,148,500388,1.32215e+11
1734935863.5,7545,1176139,7545,76,7546,183,500389,1.32216e+11
1734935864.0,7545,1176143,7545,84,7546,181,500389,1.32216e+11
1734935864.5,7546,1176149,7545,89,7546,177,500390,1.32217e+11
1734935865.0,7546,1176158,7545,92,7546,169,500392,1.32218e+11
1734935865.5,7546,1176166,7545,94,7546,162,500394,1.32219e+11
1734935866.0,7546,1176188,7545,96,7546,140,500405,1.32221e+11
1734935866.5,7546,1176200,7545,97,7546,94,500412,1.32223e+11
1734935867.0,7546,1176262,7545,97,7546,33,500450,1.3223e+11
1734935867.5,7546,1176295,7546,121,7547,20,500475,1.32234e+11
1734935868.0,7547,1176302,7546,118,7547,57,500477,1.32234e+11
1734935868.5,7547,1176316,7546,94,7547,98,500478,1.32236e+11
1734935869.0,7546,1176388,7546,20,7547,98,500425,1.32244e+11
1734935869.5,7546,1176422,7545,104,7546,11,500438,1.32248e+11
1734935870.0,7546,1176425,7545,114,7546,48,500439,1.32248e+11
1734935870.5,7546,1176435,7545,114,7546,45,500437,1.32249e+11
1734935871.0,7546,1176447,7545,118,7546,35,500427,1.32251e+11
1734935871.5,7546,1176474,7546,23,7547,97,500437,1.32254e+11
1734935872.0,7546,1176506,7545,126,7546,50,500434,1.32257e+11
1734935872.5,7546,1176510,7545,127,7546,70,500431,1.32258e+11
1734935873.0,7545,1176653,7544,82,7545,46,500455,1.32274e+11
1734935873.5,7545,1176655,7544,85,7545,63,500454,1.32274e+11
1734935874.0,7545,1176662,7544,80,7545,61,500451,1.32275e+11
1734935874.5,7545,1176666,7544,81,7545,43,500449,1.32276e+11
1734935875.0,7544,1176669,7544,79,7545,44,500446,1.32276e+11
1734935875.5,7545,1176686,7544,80,7545,30,500433,1.32278e+11
1734935876.0,7545,1176689,7544,82,7545,33,500432,1.32278e+11
1734935876.5,7544,1176718,7544,60,7545,27,500411,1.32281e+11
1734935877.0,7544,1176729,7544,54,7545,35,500406,1.32283e+11
1734935877.5,7544,1176756,7544,36,7545,93,500406,1.32286e+11
1734935878.0,7544,1176800,7543,87,7544,93,500396,1.32291e+11
1734935878.5,7544,1176808,7543,81,7544,97,500396,1.32292e+11
1734935879.0,7543,1176814,7543,78,7544,92,500393,1.32292e+11
1734935879.5,7543,1176864,7543,52,7544,52,500376,1.32298e+11
1734935880.0,7543,1176922,7542,58,7543,26,500382,1.32304e+11
1734935880.5,7543,1176954,7542,67,7543,26,500375,1.32308e+11
1734935881.0,7543,1177013,7543,34,7544,45,500358,1.32315e+11
1734935881.5,7543,1177030,7543,47,7544,45,500347,1.32317e+11
1734935882.0,7544,1177076,7544,15,7545,72,500330,1.32322e+11
1734935882.5,7543,1177116,7543,50,7544,25,500315,1.32326e+11
1734935883.0,7544,1177171,7544,9,7545,35,500293,1.32333e+11
1734935883.5,7544,1177181,7544,63,7545,55,500285,1.32334e+11
1734935884.0,7544,1177192,7544,52,7545,29,500282,1.32335e+11
1734935884.5,7545,1177197,7544,52,7545,25,500281,1.32336e+11
1734935885.0,7544,1177256,7543,72,7544,1,500264,1.32342e+11
1734935885.5,7544,1177280,7544,10,7545,14,500256,1.32345e+11
1734935886.0,7543,1177314,7544,5,7545,27,500233,1.32349e+11
1734935886.5,7545,1177319,7544,20,7545,79,500233,1.32349e+11
1734935887.0,7544,1177329,7544,15,7545,78,500238,1.32351e+11
1734935887.5,7545,1177332,7544,14,7545,79,500238,1.32351e+11
1734935888.0,7544,1177353,7544,3,7545,79,500246,1.32353e+11
1734935888.5,7545,1177358,7544,5,7545,77,500246,1.32354e+11
1734935889.0,7544,1177377,7543,59,7544,1,500242,1.32356e+11
1734935889.5,7545,1177387,7544,2,7545,71,500243,1.32357e+11
1734935890.0,7543,1177419,7543,57,7544,5,500247,1.32361e+11
1734935893.0,7543,1177500,7543,29,7544,65,500230,1.3237e+11
1734935893.5,7544,1177515,7543,23,7544,63,500228,1.32372e+11
1734935894.0,7544,1177548,7543,3,7544,52,500235,1.32375e+11
1734935894.5,7543,1177558,7542,70,7543,38,500230,1.32376e+11
1734935895.0,7543,1177630,7542,10,7543,48,500200,1.32385e+11
1734935895.5,7542,1177650,7541,65,7542,206,500188,1.32387e+11
1734935896.0,7541,1177761,7540,188,7541,216,500228,1.32399e+11
1734935896.5,7540,1177982,7539,6,7540,97,500253,1.32424e+11
1734935897.0,7539,1178028,7538,5,7539,67,500240,1.3243e+11
1734935897.5,7538,1178083,7538,15,7539,83,500253,1.32436e+11
1734935898.0,7538,1178121,7537,29,7538,2,500243,1.3244e+11
1734935898.5,7538,1178178,7537,12,7538,56,500242,1.32447e+11
1734935899.0,7538,1178210,7537,2,7538,35,500212,1.3245e+11
1734935899.5,7538,1178263,7537,21,7538,5,500187,1.32456e+11
1734935900.0,7538,1178277,7538,16,7539,64,500183,1.32458e+11
1734935900.5,7539,1178294,7538,36,7539,61,500168,1.3246e+11
1734935901.0,7538,1178312,7538,61,7539,55,500156,1.32462e+11
1734935901.5,7538,1178348,7538,53,7539,31,500143,1.32466e+11
1734935902.0,7538,1178449,7537,43,7538,39,500088,1.32477e+11
1734935902.5,7539,1178553,7538,54,7539,3,500106,1.32489e+11
1734935903.0,7539,1178573,7538,56,7539,9,500101,1.32491e+11
1734935903.5,7538,1178586,7538,56,7539,18,500102,1.32493e+11
1734935904.0,7539,1178591,7538,59,7539,59,500099,1.32493e+11
1734935904.5,7538,1178600,7538,58,7539,54,500093,1.32494e+11
1734935905.0,7539,1178611,7538,52,7539,23,500094,1.32496e+11
1734935905.5,7539,1178627,7538,56,7539,13,500099,1.32497e+11
1734935906.0,7539,1178649,7539,1,7540,88,500095,1.325e+11
1734935906.5,7538,1178667,7538,49,7539,9,500099,1.32502e+11
1734935907.0,7539,1178675,7538,33,7539,78,500095,1.32503e+11
1734935907.5,7539,1178710,7538,26,7539,65,500106,1.32507e+11
1734935908.0,7539,1178726,7538,19,7539,61,500108,1.32509e+11
1734935908.5,7539,1178762,7538,4,7539,46,500098,1.32513e+11
1734935909.0,7539,1178779,7538,5,7539,61,500097,1.32515e+11
1734935909.5,7538,1178793,7537,42,7538,8,500093,1.32516e+11
1734935910.0,7538,1178865,7537,17,7538,29,500108,1.32524e+11
1734935910.5,7538,1178880,7537,4,7538,80,500107,1.32526e+11
1734935911.0,7537,1178889,7536,39,7537,21,500105,1.32527e+11
1734935911.5,7536,1178911,7536,30,7537,37,500106,1.32529e+11
1734935912.0,7537,1178950,7536,34,7537,37,500112,1.32534e+11
1734935912.5,7536,1178991,7535,79,7536,26,500094,1.32538e+11
1734935913.0,7537,1179050,7535,88,7537,38,500075,1.32545e+11
1734935913.5,7536,1179098,7536,20,7537,2,500063,1.32551e+11
1734935914.0,7536,1179163,7535,84,7536,2,500037,1.32558e+11
1734935914.5,7536,1179205,7535,77,7537,27,500025,1.32563e+11
1734935915.0,7536,1179220,7535,72,7536,4,500024,1.32564e+11
1734935915.5,7535,1179314,7534,28,7535,119,499984,1.32575e+11
1734935916.0,7535,1179395,7533,23,7535,127,499943,1.32584e+11
1734935916.5,7535,1179413,7534,8,7535,129,499947,1.32586e+11
1734935917.0,7534,1179446,7534,50,7535,113,499937,1.3259e+11
1734935917.5,7535,1179606,7535,30,7536,92,499959,1.32608e+11
1734935918.0,7535,1179637,7535,40,7536,48,499968,1.32612e+11
1734935918.5,7534,1179762,7536,1,7537,43,499971,1.32626e+11
1734935919.0,7535,1179775,7535,10,7536,15,499968,1.32627e+11
1734935919.5,7535,1179783,7535,51,7536,28,499965,1.32628e+11
1734935920.0,7536,1179823,7536,29,7537,45,499949,1.32633e+11
1734935920.5,7537,1179844,7536,59,7537,10,499937,1.32635e+11
1734935921.0,7536,1179912,7537,4,7538,60,499903,1.32643e+11
1734935921.5,7537,1179931,7537,6,7538,54,499893,1.32645e+11
1734935922.0,7537,1179947,7537,40,7538,27,499880,1.32647e+11
1734935922.5,7538,1180033,7538,3,7539,7,499899,1.32656e+11
1734935923.0,7538,1180081,7538,61,7540,42,499902,1.32662e+11
1734935923.5,7538,1180088,7538,72,7539,2,499896,1.32662e+11
1734935924.0,7539,1180090,7539,3,7540,50,499894,1.32663e+11
1734935924.5,7539,1180121,7539,52,7540,43,499914,1.32666e+11
1734935925.0,7539,1180156,7539,46,7540,34,499929,1.3267e+11
1734935925.5,7540,1180225,7539,13,7540,8,499939,1.32678e+11
1734935926.0,7540,1180243,7539,16,7540,117,499925,1.3268e+11
1734935926.5,7539,1180264,7538,63,7539,70,499928,1.32682e+11
1734935927.0,7539,1180292,7538,63,7539,39,499932,1.32686e+11
1734935927.5,7540,1180379,7539,1,7540,81,499925,1.32695e+11
1734935928.0,7539,1180435,7538,73,7539,15,499944,1.32702e+11
1734935928.5,7539,1180458,7538,82,7539,2,499937,1.32704e+11
1734935929.0,7539,1180467,7539,8,7540,89,499934,1.32705e+11
1734935929.5,7539,1180469,7539,27,7540,90,499932,1.32706e+11
1734935930.0,7539,1180475,7539,28,7540,89,499930,1.32706e+11
1734935930.5,7540,1180497,7539,10,7540,99,499924,1.32709e+11
1734935931.0,7540,1180539,7539,18,7540,81,499923,1.32713e+11
1734935931.5,7540,1180546,7539,26,7540,83,499925,1.32714e+11
1734935932.0,7539,1180576,7539,8,7540,78,499932,1.32718e+11
1734935932.5,7539,1180578,7539,9,7540,78,499932,1.32718e+11
1734935933.0,7539,1180592,7538,66,7539,19,499931,1.32719e+11
1734935933.5,7539,1180620,7538,50,7539,38,499921,1.32723e+11
1734935934.0,7539,1180630,7538,48,7539,41,499916,1.32724e+11
1734935934.5,7539,1180632,7538,49,7539,40,499914,1.32724e+11
1734935935.0,7539,1180640,7538,54,7539,33,499911,1.32725e+11
1734935935.5,7538,1180644,7538,55,7539,28,499907,1.32725e+11
1734935936.0,7539,1180653,7538,56,7539,12,499902,1.32726e+11
1734935936.5,7538,1180659,7538,62,7539,10,499897,1.32727e+11
1734935937.0,7538,1180665,7538,57,7539,9,499893,1.32728e+11
1734935937.5,7538,1180677,7538,60,7539,10,499886,1.32729e+11
1734935938.0,7539,1180689,7539,6,7540,91,499891,1.3273e+11
1734935938.5,7539,1180712,7538,53,7539,8,499891,1.32733e+11
1734935939.0,7539,1180738,7538,46,7539,19,499881,1.32736e+11
1734935939.5,7539,1180752,7538,42,7539,30,499888,1.32738e+11
1734935940.0,7539,1180755,7538,45,7539,31,499888,1.32738e+11
1734935940.5,7539,1180761,7538,46,7539,19,499891,1.32739e+11
1734935941.0,7539,1180800,7539,57,7540,92,499904,1.32743e+11
1734935941.5,7539,1180802,7539,66,7540,105,499902,1.32743e+11
1734935942.0,7539,1180802,7539,67,7540,103,499902,1.32743e+11
1734935942.5,7539,1180811,7539,62,7540,111,499899,1.32744e+11
1734935943.0,7539,1180825,7539,50,7540,129,499888,1.32746e+11
1734935943.5,7540,1180849,7539,31,7540,119,499868,1.32749e+11
1734935944.0,7540,1180862,7539,30,7540,110,499873,1.3275e+11
1734935944.5,7540,1180899,7539,31,7540,73,499877,1.32754e+11
1734935945.0,7539,1180927,7539,34,7540,47,499877,1.32757e+11
1734935945.5,7540,1180983,7540,26,7541,33,499884,1.32764e+11
1734935946.0,7540,1180984,7540,29,7541,35,499884,1.32764e+11
1734935946.5,7540,1180984,7540,37,7541,38,499884,1.32764e+11
1734935947.0,7541,1180996,7540,41,7541,31,499875,1.32765e+11
1734935947.5,7540,1181004,7540,41,7541,27,499874,1.32766e+11
1734935948.0,7541,1181024,7540,54,7541,11,499869,1.32768e+11
1734935948.5,7541,1181036,7541,41,7542,35,499864,1.3277e+11
1734935949.0,7542,1181039,7541,48,7542,20,499861,1.3277e+11
1734935949.5,7541,1181044,7541,51,7542,22,499856,1.32771e+11
1734935950.0,7542,1181064,7541,43,7542,15,499840,1.32773e+11
1734935950.5,7542,1181073,7541,41,7542,41,499839,1.32774e+11
1734935951.0,7542,1181088,7541,35,7542,55,499836,1.32776e+11
1734935951.5,7542,1181100,7541,37,7542,45,499828,1.32777e+11
1734935952.0,7542,1181113,7541,37,7542,24,499818,1.32778e+11
1734935952.5,7542,1181144,7541,35,7542,10,499805,1.32782e+11
1734935953.0,7542,1181167,7541,33,7542,2,499803,1.32785e+11
1734935953.5,7542,1181180,7542,6,7543,107,499798,1.32786e+11
1734935954.0,7543,1181184,7542,16,7543,104,499799,1.32786e+11
1734935954.5,7543,1181216,7542,37,7543,74,499789,1.3279e+11
1734935955.0,7543,1181227,7542,41,7543,57,499786,1.32791e+11
1734935955.5,7542,1181277,7542,51,7543,21,499786,1.32797e+11
1734935956.0,7543,1181319,7542,61,7543,46,499788,1.32802e+11
1734935956.5,7543,1181403,7543,30,7544,61,499742,1.32811e+11
1734935957.0,7543,1181444,7542,29,7543,42,499745,1.32816e+11
1734935957.5,7543,1181479,7542,8,7543,62,499749,1.3282e+11
1734935958.0,7542,1181507,7541,35,7542,76,499737,1.32823e+11
1734935958.5,7542,1181529,7541,18,7542,59,499735,1.32825e+11
1734935959.0,7542,1181551,7541,17,7542,40,499738,1.32828e+11
1734935959.5,7542,1181563,7541,16,7542,33,499737,1.32829e+11
1734935960.0,7542,1181563,7541,17,7542,20,499737,1.32829e+11
1734935960.5,7542,1181581,7541,5,7542,20,499735,1.32831e+11
1734935961.0,7541,1181602,7540,78,7541,13,499733,1.32834e+11
1734935961.5,7541,1181611,7540,88,7541,19,499730,1.32835e+11
1734935962.0,7541,1181623,7540,83,7541,7,499728,1.32836e+11
1734935962.5,7541,1181631,7541,8,7542,36,499728,1.32837e+11
1734935963.0,7541,1181637,7541,16,7542,36,499728,1.32838e+11
1734935963.5,7542,1181645,7541,17,7542,26,499728,1.32839e+11
1734935964.0,7542,1181653,7541,18,7542,18,499728,1.3284e+11
1734935964.5,7542,1181672,7541,8,7542,10,499736,1.32842e+11
1734935965.0,7542,1181675,7541,24,7542,41,499736,1.32842e+11
1734935965.5,7541,1181678,7541,25,7542,31,499737,1.32842e+11
1734935966.0,7542,1181681,7541,29,7542,11,499737,1.32843e+11
1734935966.5,7542,1181690,7542,51,7543,42,499740,1.32844e+11
1734935967.0,7542,1181697,7542,47,7543,33,499737,1.32844e+11
1734935967.5,7543,1181705,7542,55,7543,18,499739,1.32845e+11
1734935968.0,7543,1181712,7542,59,7543,14,499736,1.32846e+11
1734935968.5,7543,1181713,7542,60,7543,13,499735,1.32846e+11
1734935969.0,7543,1181717,7542,63,7543,12,499736,1.32847e+11
1734935969.5,7543,1181721,7542,64,7543,8,499739,1.32847e+11
1734935970.0,7543,1181729,7543,3,7544,66,499737,1.32848e+11
1734935970.5,7543,1181730,7543,17,7544,61,499737,1.32848e+11
1734935971.0,7543,1181756,7542,68,7543,1,499728,1.32851e+11
1734935971.5,7543,1181771,7542,71,7543,55,499726,1.32853e+11
1734935972.0,7543,1181773,7542,72,7543,60,499726,1.32853e+11
1734935972.5,7543,1181832,7542,25,7543,53,499759,1.3286e+11
1734935973.0,7542,1181859,7541,48,7542,54,499748,1.32863e+11
1734935973.5,7542,1181882,7541,48,7542,35,499749,1.32865e+11
1734935974.0,7542,1181885,7541,49,7542,63,499749,1.32866e+11
1734935974.5,7542,1181887,7541,48,7542,66,499751,1.32866e+11
1734935975.0,7542,1181889,7541,55,7542,65,499751,1.32866e+11
1734935975.5,7541,1181913,7541,53,7542,16,499757,1.32869e+11
1734935976.0,7542,1181923,7541,55,7542,5,499761,1.3287e+11
1734935976.5,7542,1181931,7541,52,7542,11,499758,1.32871e+11
1734935977.0,7542,1181939,7541,49,7542,22,499764,1.32872e+11
1734935977.5,7542,1181942,7541,75,7542,19,499767,1.32872e+11
1734935978.0,7542,1181949,7541,76,7542,4,499763,1.32873e+11
1734935978.5,7542,1181954,7542,7,7543,58,499763,1.32874e+11
1734935979.0,7542,1181955,7542,7,7543,59,499762,1.32874e+11
1734935979.5,7542,1181957,7542,8,7543,61,499760,1.32874e+11
1734935980.0,7542,1181959,7542,10,7543,61,499760,1.32874e+11
1734935980.5,7542,1181960,7542,19,7543,61,499760,1.32874e+11
1734935981.0,7543,1181968,7542,14,7543,60,499758,1.32875e+11
1734935981.5,7542,1181986,7541,95,7542,4,499758,1.32877e+11
1734935982.0,7542,1181997,7542,1,7543,60,499754,1.32878e+11
1734935982.5,7543,1181998,7542,10,7543,59,499754,1.32879e+11
1734935983.0,7543,1182007,7542,22,7543,58,499753,1.3288e+11
1734935983.5,7543,1182008,7542,26,7543,57,499753,1.3288e+11
1734935984.0,7543,1182013,7542,28,7543,55,499756,1.3288e+11
1734935984.5,7543,1182015,7542,28,7543,54,499757,1.3288e+11
1734935985.0,7543,1182019,7542,34,7543,50,499759,1.32881e+11
