UpdateTime,LastPrice,Volume,BidPrice1,BidVolume1,AskPrice1,AskVolume1,OpenInterest,Turnover
1734935164.5,20090,124625,20090,88,20095,81,175414,1.25071e+10
1734935166.5,20090,124625,20090,88,20095,81,175414,1.25071e+10
1734935167.0,20090,124625,20090,88,20095,82,175414,1.25071e+10
1734935169.0,20090,124627,20090,86,20095,82,175414,1.25073e+10
1734935169.5,20090,124640,20090,73,20095,83,175405,1.25086e+10
1734935170.0,20090,124640,20090,77,20095,84,175405,1.25086e+10
1734935170.5,20090,124640,20090,77,20095,85,175405,1.25086e+10
1734935171.0,20090,124640,20090,78,20095,85,175405,1.25086e+10
1734935171.5,20090,124644,20090,52,20095,85,175405,1.2509e+10
1734935172.0,20090,124658,20090,23,20095,91,175404,1.25104e+10
1734935172.5,20090,124680,20085,117,20090,3,175400,1.25126e+10
1734935173.0,20090,124688,20090,10,20095,112,175394,1.25134e+10
1734935173.5,20090,124694,20090,25,20095,120,175391,1.2514e+10
1734935174.0,20090,124695,20090,24,20095,106,175392,1.25141e+10
1734935174.5,20090,124695,20090,24,20095,104,175392,1.25141e+10
1734935175.0,20090,124695,20090,27,20095,104,175392,1.25141e+10
1734935175.5,20090,124695,20090,27,20095,103,175392,1.25141e+10
1734935176.0,20090,124696,20090,26,20095,103,175393,1.25142e+10
1734935176.5,20090,124722,20085,130,20090,1,175391,1.25169e+10
1734935177.0,20090,124729,20085,133,20090,16,175386,1.25176e+10
1734935177.5,20090,124729,20085,127,20090,18,175386,1.25176e+10
1734935178.0,20090,124729,20085,117,20090,19,175386,1.25176e+10
1734935178.5,20090,124729,20085,117,20090,25,175386,1.25176e+10
1734935179.0,20090,124729,20085,117,20090,30,175386,1.25176e+10
1734935179.5,20090,124729,20085,117,20090,30,175386,1.25176e+10
1734935180.0,20090,124733,20085,113,20090,26,175386,1.2518e+10
1734935180.5,20090,124733,20085,114,20090,26,175386,1.2518e+10
1734935184.5,20090,124733,20085,114,20090,26,175386,1.2518e+10
1734935185.0,20090,124733,20085,114,20090,26,175386,1.2518e+10
1734935185.5,20090,124733,20085,114,20090,28,175386,1.2518e+10
1734935187.0,20090,124733,20085,114,20090,40,175386,1.2518e+10
1734935187.5,20090,124733,20085,114,20090,91,175386,1.2518e+10
1734935188.0,20090,124733,20085,104,20090,94,175386,1.2518e+10
1734935188.5,20090,124733,20085,104,20090,94,175386,1.2518e+10
1734935189.5,20090,124733,20085,104,20090,95,175386,1.2518e+10
1734935192.5,20090,124733,20085,104,20090,96,175386,1.2518e+10
1734935193.0,20090,124733,20085,104,20090,96,175386,1.2518e+10
1734935193.5,20085,124734,20085,103,20090,96,175385,1.25181e+10
1734935194.0,20085,124734,20085,77,20090,96,175385,1.25181e+10
1734935194.5,20085,124734,20085,67,20090,96,175385,1.25181e+10
1734935195.0,20085,124781,20085,18,20090,98,175407,1.25228e+10
1734935195.5,20085,124800,20080,97,20085,5,175398,1.25247e+10
1734935196.0,20090,124810,20085,11,20090,107,175394,1.25257e+10
1734935196.5,20090,124810,20085,43,20090,116,175394,1.25257e+10
1734935197.0,20090,124811,20085,44,20090,99,175394,1.25258e+10
1734935197.5,20090,124811,20085,45,20090,99,175394,1.25258e+10
1734935198.0,20090,124811,20085,40,20090,115,175394,1.25258e+10
1734935198.5,20085,124812,20085,23,20090,115,175395,1.25259e+10
1734935199.0,20085,124817,20085,10,20090,115,175400,1.25264e+10
1734935199.5,20085,124825,20080,114,20085,1,175407,1.25272e+10
1734935200.0,20085,124827,20080,111,20085,7,175408,1.25274e+10
1734935200.5,20085,124827,20080,109,20085,7,175408,1.25274e+10
1734935201.0,20085,124827,20080,109,20085,7,175408,1.25274e+10
1734935201.5,20085,124827,20080,109,20085,9,175408,1.25274e+10
1734935202.0,20085,124827,20080,109,20085,16,175408,1.25274e+10
1734935202.5,20085,124827,20080,110,20085,23,175408,1.25274e+10
1734935203.0,20085,124827,20080,106,20085,24,175408,1.25274e+10
1734935204.0,20085,124827,20080,106,20085,24,175408,1.25274e+10
1734935204.5,20085,124827,20080,107,20085,24,175408,1.25274e+10
1734935205.0,20085,124827,20080,107,20085,18,175408,1.25274e+10
1734935205.5,20085,124831,20080,107,20085,12,175404,1.25278e+10
1734935206.0,20085,124836,20080,109,20085,7,175399,1.25283e+10
1734935206.5,20085,124838,20080,109,20085,6,175399,1.25285e+10
1734935207.0,20085,124838,20080,109,20085,6,175399,1.25285e+10
1734935207.5,20085,124840,20080,109,20085,6,175399,1.25287e+10
1734935208.0,20085,124846,20080,110,20090,127,175402,1.25293e+10
1734935208.5,20085,124846,20085,8,20090,131,175402,1.25293e+10
1734935209.0,20085,124846,20085,16,20090,120,175402,1.25293e+10
1734935209.5,20085,124846,20085,45,20090,120,175402,1.25293e+10
1734935210.0,20085,124847,20085,46,20090,109,175403,1.25294e+10
1734935211.0,20085,124847,20085,33,20090,109,175403,1.25294e+10
1734935211.5,20085,124847,20085,33,20090,109,175403,1.25294e+10
1734935212.0,20085,124847,20085,55,20090,109,175403,1.25294e+10
1734935213.5,20085,124847,20085,55,20090,109,175403,1.25294e+10
1734935214.5,20085,124847,20085,33,20090,109,175403,1.25294e+10
1734935215.0,20085,124872,20085,4,20090,109,175402,1.25319e+10
1734935215.5,20085,124876,20080,112,20085,5,175401,1.25323e+10
1734935216.0,20085,124877,20080,118,20085,9,175401,1.25324e+10
1734935216.5,20085,124877,20080,109,20085,18,175401,1.25324e+10
1734935217.0,20085,124877,20080,108,20085,34,175401,1.25324e+10
1734935217.5,20085,124877,20080,104,20085,34,175401,1.25324e+10
1734935218.5,20085,124911,20085,4,20090,127,175407,1.25358e+10
1734935219.0,20085,124917,20085,17,20090,130,175402,1.25364e+10
1734935219.5,20085,124929,20080,110,20085,13,175404,1.25376e+10
1734935220.0,20080,124930,20080,107,20085,24,175405,1.25378e+10
1734935220.5,20080,124930,20080,107,20085,25,175405,1.25378e+10
1734935221.0,20080,124943,20080,83,20085,25,175407,1.25391e+10
1734935221.5,20080,124944,20080,62,20085,119,175407,1.25392e+10
1734935222.0,20080,124944,20080,52,20085,123,175407,1.25392e+10
1734935223.0,20080,124944,20080,52,20085,143,175407,1.25392e+10
1734935223.5,20080,124944,20080,54,20085,121,175407,1.25392e+10
1734935224.5,20080,124945,20080,53,20085,121,175408,1.25393e+10
1734935226.0,20080,124949,20080,52,20085,117,175407,1.25397e+10
1734935226.5,20080,124949,20080,53,20085,117,175407,1.25397e+10
1734935227.5,20080,124949,20080,53,20085,117,175407,1.25397e+10
1734935228.0,20080,124950,20080,52,20085,118,175407,1.25398e+10
1734935228.5,20080,124950,20080,52,20085,119,175407,1.25398e+10
1734935230.5,20080,124950,20080,51,20085,119,175407,1.25398e+10
1734935231.0,20080,124950,20080,51,20085,120,175407,1.25398e+10
1734935231.5,20080,124950,20080,52,20085,120,175407,1.25398e+10
1734935232.5,20080,124950,20080,52,20085,120,175407,1.25398e+10
1734935233.5,20080,124950,20080,52,20085,120,175407,1.25398e+10
1734935234.5,20080,124950,20080,52,20085,120,175407,1.25398e+10
1734935235.5,20080,124950,20080,52,20085,122,175407,1.25398e+10
1734935237.5,20080,124950,20080,52,20085,122,175407,1.25398e+10
1734935238.0,20080,124950,20080,56,20085,123,175407,1.25398e+10
1734935238.5,20080,124950,20080,54,20085,123,175407,1.25398e+10
1734935240.5,20080,124950,20080,54,20085,123,175407,1.25398e+10
1734935241.0,20080,124950,20080,54,20085,118,175407,1.25398e+10
1734935241.5,20080,124950,20080,54,20085,73,175407,1.25398e+10
1734935242.0,20080,124950,20080,68,20085,72,175407,1.25398e+10
1734935242.5,20080,124950,20080,68,20085,60,175407,1.25398e+10
1734935243.0,20085,124951,20080,68,20085,59,175406,1.25399e+10
1734935248.5,20085,124951,20080,68,20085,59,175406,1.25399e+10
1734935249.0,20085,124951,20080,69,20085,59,175406,1.25399e+10
1734935249.5,20085,124951,20080,69,20085,59,175406,1.25399e+10
1734935251.0,20085,124951,20080,69,20085,59,175406,1.25399e+10
1734935251.5,20085,124951,20080,69,20085,59,175406,1.25399e+10
1734935252.0,20085,124951,20080,69,20085,59,175406,1.25399e+10
1734935252.5,20085,124951,20080,69,20085,60,175406,1.25399e+10
1734935253.0,20085,124951,20080,70,20085,60,175406,1.25399e+10
1734935253.5,20085,124951,20080,70,20085,60,175406,1.25399e+10
1734935254.0,20085,124951,20080,70,20085,60,175406,1.25399e+10
1734935255.5,20085,124951,20080,70,20085,60,175406,1.25399e+10
1734935261.0,20085,124951,20080,70,20085,61,175406,1.25399e+10
1734935262.0,20085,124951,20080,71,20085,61,175406,1.25399e+10
1734935264.5,20085,124951,20080,71,20085,61,175406,1.25399e+10
1734935271.5,20085,124954,20080,72,20085,58,175406,1.25402e+10
1734935272.0,20085,124954,20080,72,20085,59,175406,1.25402e+10
1734935272.5,20085,124954,20080,73,20085,79,175406,1.25402e+10
1734935273.0,20085,124954,20080,73,20085,79,175406,1.25402e+10
1734935275.0,20080,124957,20080,70,20085,79,175406,1.25405e+10
1734935276.0,20085,124962,20080,70,20085,76,175406,1.2541e+10
1734935278.0,20085,124962,20080,70,20085,76,175406,1.2541e+10
1734935278.5,20085,124966,20080,70,20085,72,175406,1.25414e+10
1734935279.0,20085,124971,20080,70,20085,63,175401,1.25419e+10
1734935279.5,20085,124984,20080,71,20085,50,175402,1.25432e+10
1734935280.0,20085,125022,20080,105,20085,13,175389,1.2547e+10
1734935280.5,20085,125058,20085,63,20090,128,175367,1.25506e+10
1734935281.0,20085,125058,20085,67,20090,125,175367,1.25506e+10
1734935281.5,20090,125059,20085,68,20090,128,175367,1.25507e+10
1734935282.0,20090,125059,20085,69,20090,128,175367,1.25507e+10
1734935282.5,20090,125059,20085,55,20090,126,175367,1.25507e+10
1734935283.0,20090,125059,20085,46,20090,127,175367,1.25507e+10
1734935283.5,20090,125059,20085,34,20090,124,175367,1.25507e+10
1734935284.0,20090,125059,20085,38,20090,126,175367,1.25507e+10
1734935284.5,20090,125059,20085,45,20090,120,175367,1.25507e+10
1734935285.0,20090,125059,20085,45,20090,118,175367,1.25507e+10
1734935285.5,20085,125063,20085,31,20090,120,175366,1.25511e+10
1734935286.0,20085,125067,20085,21,20090,120,175366,1.25515e+10
1734935286.5,20085,125077,20085,6,20090,120,175365,1.25525e+10
1734935287.0,20085,125083,20080,125,20085,17,175368,1.25531e+10
1734935287.5,20085,125092,20080,131,20085,13,175369,1.2554e+10
1734935288.0,20085,125098,20080,123,20085,7,175375,1.25546e+10
1734935288.5,20085,125098,20080,133,20085,7,175375,1.25546e+10
1734935289.0,20085,125101,20080,128,20085,1,175374,1.25549e+10
1734935289.5,20085,125102,20080,142,20090,128,175374,1.2555e+10
1734935290.0,20085,125102,20085,6,20090,127,175374,1.2555e+10
1734935290.5,20090,125103,20085,11,20090,126,175374,1.25551e+10
1734935291.0,20090,125103,20085,12,20090,126,175374,1.25551e+10
1734935291.5,20090,125103,20085,18,20090,126,175374,1.25551e+10
1734935292.5,20090,125103,20085,44,20090,126,175374,1.25551e+10
1734935293.0,20090,125103,20085,44,20090,119,175374,1.25551e+10
1734935293.5,20090,125103,20085,46,20090,119,175374,1.25551e+10
1734935294.0,20090,125103,20085,46,20090,120,175374,1.25551e+10
1734935294.5,20090,125103,20085,47,20090,118,175374,1.25551e+10
1734935295.0,20090,125103,20085,48,20090,118,175374,1.25551e+10
1734935295.5,20090,125103,20085,49,20090,118,175374,1.25551e+10
1734935297.5,20090,125103,20085,49,20090,118,175374,1.25551e+10
1734935301.0,20090,125103,20085,49,20090,118,175374,1.25551e+10
1734935301.5,20090,125103,20085,74,20090,118,175374,1.25551e+10
1734935302.0,20090,125103,20085,74,20090,112,175374,1.25551e+10
1734935303.5,20090,125103,20085,74,20090,112,175374,1.25551e+10
1734935305.0,20090,125103,20085,74,20090,108,175374,1.25551e+10
1734935305.5,20090,125103,20085,74,20090,96,175374,1.25551e+10
1734935306.0,20090,125103,20085,84,20090,96,175374,1.25551e+10
1734935306.5,20085,125104,20085,84,20090,89,175375,1.25552e+10
1734935310.0,20090,125105,20085,84,20090,88,175375,1.25553e+10
1734935311.5,20090,125106,20085,85,20090,87,175375,1.25554e+10
1734935312.0,20090,125106,20085,84,20090,87,175375,1.25554e+10
1734935312.5,20090,125106,20085,84,20090,87,175375,1.25554e+10
1734935313.0,20090,125106,20085,84,20090,89,175375,1.25554e+10
1734935313.5,20090,125106,20085,62,20090,89,175375,1.25554e+10
1734935314.5,20090,125107,20085,59,20090,88,175376,1.25555e+10
1734935315.0,20085,125111,20085,55,20090,89,175376,1.25559e+10
1734935315.5,20085,125111,20085,24,20090,89,175376,1.25559e+10
1734935316.0,20085,125111,20085,17,20090,90,175376,1.25559e+10
1734935316.5,20085,125114,20085,14,20090,90,175379,1.25562e+10
1734935317.0,20085,125115,20085,13,20090,100,175380,1.25563e+10
1734935317.5,20085,125123,20085,5,20090,112,175387,1.25571e+10
1734935318.0,20085,125128,20080,131,20085,16,175382,1.25576e+10
1734935318.5,20085,125140,20080,130,20085,5,175381,1.25588e+10
1734935319.0,20085,125145,20080,140,20090,107,175380,1.25593e+10
1734935319.5,20085,125145,20085,12,20090,110,175380,1.25593e+10
1734935320.0,20085,125145,20085,15,20090,106,175380,1.25593e+10
1734935320.5,20085,125145,20085,16,20090,106,175380,1.25593e+10
1734935321.0,20085,125145,20085,21,20090,105,175380,1.25593e+10
1734935321.5,20085,125145,20085,28,20090,105,175380,1.25593e+10
1734935322.0,20085,125145,20085,29,20090,103,175380,1.25593e+10
1734935322.5,20085,125145,20085,29,20090,102,175380,1.25593e+10
1734935323.0,20085,125145,20085,29,20090,102,175380,1.25593e+10
1734935323.5,20090,125146,20085,29,20090,101,175381,1.25594e+10
1734935324.0,20090,125146,20085,29,20090,99,175381,1.25594e+10
1734935324.5,20085,125147,20085,28,20090,100,175381,1.25595e+10
1734935325.5,20085,125147,20085,28,20090,102,175381,1.25595e+10
1734935328.0,20085,125147,20085,54,20090,102,175381,1.25595e+10
1734935328.5,20085,125147,20085,55,20090,91,175381,1.25595e+10
1734935329.0,20085,125147,20085,55,20090,91,175381,1.25595e+10
1734935329.5,20085,125148,20085,54,20090,91,175380,1.25596e+10
1734935330.0,20085,125148,20085,54,20090,91,175380,1.25596e+10
1734935330.5,20085,125148,20085,79,20090,89,175380,1.25596e+10
1734935331.0,20085,125148,20085,90,20090,89,175380,1.25596e+10
1734935331.5,20085,125148,20085,90,20090,89,175380,1.25596e+10
1734935332.5,20085,125148,20085,91,20090,89,175380,1.25596e+10
1734935333.5,20090,125155,20085,91,20090,82,175380,1.25603e+10
1734935334.0,20090,125155,20085,91,20090,79,175380,1.25603e+10
1734935335.0,20090,125155,20085,91,20090,77,175380,1.25603e+10
1734935337.0,20090,125155,20085,91,20090,77,175380,1.25603e+10
1734935340.0,20090,125155,20085,92,20090,79,175380,1.25603e+10
1734935340.5,20085,125157,20085,68,20090,77,175378,1.25605e+10
1734935341.0,20085,125157,20085,68,20090,79,175378,1.25605e+10
1734935341.5,20085,125157,20085,69,20090,80,175378,1.25605e+10
1734935343.5,20085,125157,20085,69,20090,83,175378,1.25605e+10
1734935344.0,20085,125157,20085,40,20090,83,175378,1.25605e+10
1734935344.5,20085,125157,20085,24,20090,83,175378,1.25605e+10
1734935348.0,20085,125157,20085,50,20090,83,175378,1.25605e+10
1734935352.0,20085,125157,20085,50,20090,83,175378,1.25605e+10
1734935352.5,20085,125157,20085,50,20090,81,175378,1.25605e+10
1734935353.0,20085,125157,20085,50,20090,81,175378,1.25605e+10
1734935354.0,20085,125157,20085,53,20090,81,175378,1.25605e+10
1734935354.5,20090,125172,20085,53,20090,63,175383,1.25621e+10
1734935355.0,20090,125235,20085,87,20095,112,175406,1.25684e+10
1734935355.5,20090,125235,20090,17,20095,119,175406,1.25684e+10
1734935356.0,20090,125248,20090,14,20095,125,175411,1.25697e+10
1734935356.5,20090,125268,20085,106,20090,7,175404,1.25717e+10
1734935357.0,20090,125279,20085,111,20095,122,175395,1.25728e+10
1734935357.5,20090,125279,20090,9,20095,126,175395,1.25728e+10
1734935358.0,20090,125290,20085,105,20090,1,175398,1.25739e+10
1734935358.5,20090,125293,20085,103,20095,120,175397,1.25742e+10
1734935359.0,20085,125294,20085,102,20095,124,175397,1.25743e+10
1734935359.5,20085,125294,20090,16,20095,124,175397,1.25743e+10
1734935360.0,20090,125297,20090,19,20095,123,175400,1.25746e+10
1734935360.5,20090,125297,20090,9,20095,110,175400,1.25746e+10
1734935361.0,20090,125297,20090,5,20095,110,175400,1.25746e+10
1734935362.0,20090,125298,20090,4,20095,110,175401,1.25747e+10
1734935362.5,20090,125299,20090,2,20095,121,175401,1.25748e+10
1734935363.0,20090,125301,20085,104,20095,110,175401,1.2575e+10
1734935363.5,20095,125322,20085,104,20095,105,175405,1.25771e+10
1734935364.0,20095,125322,20090,20,20095,97,175405,1.25771e+10
1734935364.5,20095,125322,20090,64,20095,96,175405,1.25771e+10
1734935365.0,20095,125322,20090,65,20095,92,175405,1.25771e+10
1734935366.0,20095,125322,20090,65,20095,92,175405,1.25771e+10
1734935366.5,20095,125323,20090,55,20095,91,175405,1.25772e+10
1734935368.0,20095,125323,20090,55,20095,92,175405,1.25772e+10
1734935368.5,20095,125323,20090,55,20095,92,175405,1.25772e+10
1734935369.0,20095,125323,20090,55,20095,92,175405,1.25772e+10
1734935369.5,20095,125323,20090,55,20095,92,175405,1.25772e+10
1734935370.0,20095,125323,20090,55,20095,92,175405,1.25772e+10
1734935370.5,20090,125324,20090,54,20095,92,175406,1.25773e+10
1734935371.0,20090,125324,20090,54,20095,92,175406,1.25773e+10
1734935371.5,20090,125324,20090,54,20095,92,175406,1.25773e+10
1734935372.0,20090,125324,20090,55,20095,92,175406,1.25773e+10
1734935372.5,20090,125324,20090,57,20095,92,175406,1.25773e+10
1734935373.0,20090,125324,20090,57,20095,92,175406,1.25773e+10
1734935373.5,20095,125325,20090,57,20095,91,175405,1.25774e+10
1734935374.0,20095,125326,20090,57,20095,90,175405,1.25775e+10
1734935376.0,20095,125326,20090,58,20095,90,175405,1.25775e+10
1734935377.0,20095,125326,20090,58,20095,90,175405,1.25775e+10
1734935377.5,20095,125326,20090,32,20095,91,175405,1.25775e+10
1734935378.0,20090,125340,20085,126,20090,1,175414,1.25789e+10
1734935378.5,20090,125345,20085,127,20090,3,175411,1.25794e+10
1734935379.0,20090,125346,20085,127,20090,3,175411,1.25795e+10
1734935379.5,20090,125346,20085,119,20090,7,175411,1.25795e+10
1734935380.0,20090,125346,20085,95,20090,21,175411,1.25795e+10
1734935380.5,20090,125346,20085,90,20090,29,175411,1.25795e+10
1734935381.0,20090,125347,20085,90,20090,28,175412,1.25796e+10
1734935381.5,20090,125347,20085,90,20090,22,175412,1.25796e+10
1734935382.5,20090,125351,20085,89,20090,18,175415,1.258e+10
1734935383.0,20090,125351,20085,89,20090,18,175415,1.258e+10
1734935384.0,20090,125351,20085,89,20090,18,175415,1.258e+10
1734935384.5,20090,125351,20085,90,20090,18,175415,1.258e+10
1734935385.5,20090,125351,20085,90,20090,21,175415,1.258e+10
1734935386.0,20090,125351,20085,90,20090,27,175415,1.258e+10
1734935386.5,20090,125351,20085,90,20090,27,175415,1.258e+10
1734935388.5,20090,125351,20085,92,20090,27,175415,1.258e+10
1734935389.0,20090,125352,20085,92,20090,20,175416,1.25801e+10
1734935389.5,20090,125352,20085,92,20090,7,175416,1.25801e+10
1734935390.0,20090,125352,20085,93,20090,7,175416,1.25801e+10
1734935391.0,20090,125353,20085,93,20090,7,175416,1.25802e+10
1734935392.0,20090,125353,20085,93,20090,31,175416,1.25802e+10
1734935392.5,20090,125353,20085,92,20090,71,175416,1.25802e+10
1734935393.0,20090,125353,20085,82,20090,72,175416,1.25802e+10
1734935394.0,20090,125353,20085,56,20090,72,175416,1.25802e+10
1734935394.5,20090,125353,20085,46,20090,72,175416,1.25802e+10
1734935395.5,20090,125353,20085,69,20090,69,175416,1.25802e+10
1734935396.0,20090,125353,20085,69,20090,24,175416,1.25802e+10
1734935396.5,20090,125371,20085,71,20095,98,175418,1.2582e+10
1734935397.0,20090,125371,20085,83,20095,106,175418,1.2582e+10
1734935397.5,20090,125371,20085,92,20095,111,175418,1.2582e+10
1734935398.0,20090,125371,20085,92,20090,2,175418,1.2582e+10
1734935398.5,20090,125373,20090,2,20095,107,175418,1.25822e+10
1734935399.0,20090,125377,20085,94,20090,1,175416,1.25826e+10
1734935399.5,20090,125379,20090,1,20095,109,175416,1.25828e+10
1734935400.0,20090,125379,20085,92,20090,6,175416,1.25828e+10
1734935400.5,20090,125383,20085,91,20090,3,175412,1.25832e+10
1734935401.0,20085,125393,20085,81,20090,2,175409,1.25843e+10
1734935401.5,20085,125393,20085,81,20090,33,175409,1.25843e+10
1734935402.0,20085,125393,20085,77,20090,30,175409,1.25843e+10
1734935403.0,20085,125393,20085,77,20090,30,175409,1.25843e+10
1734935403.5,20085,125393,20085,78,20090,30,175409,1.25843e+10
1734935404.0,20085,125393,20085,78,20090,30,175409,1.25843e+10
1734935404.5,20090,125403,20085,79,20090,10,175399,1.25853e+10
1734935405.0,20090,125415,20090,15,20095,105,175400,1.25865e+10
1734935405.5,20090,125415,20090,21,20095,98,175400,1.25865e+10
1734935406.0,20090,125416,20090,20,20095,97,175401,1.25866e+10
1734935406.5,20090,125416,20090,20,20095,104,175401,1.25866e+10
1734935407.0,20090,125418,20090,15,20095,94,175402,1.25868e+10
1734935407.5,20090,125425,20090,6,20095,108,175409,1.25875e+10
1734935408.0,20090,125430,20085,87,20090,47,175412,1.2588e+10
1734935408.5,20090,125432,20085,80,20090,48,175414,1.25882e+10
1734935409.0,20090,125433,20085,78,20090,47,175414,1.25883e+10
1734935410.0,20090,125433,20085,78,20090,47,175414,1.25883e+10
1734935410.5,20090,125433,20085,78,20090,42,175414,1.25883e+10
1734935411.0,20090,125438,20085,78,20090,31,175414,1.25888e+10
1734935411.5,20090,125438,20085,78,20090,27,175414,1.25888e+10
1734935413.0,20090,125438,20085,78,20090,15,175414,1.25888e+10
1734935413.5,20090,125439,20085,89,20090,16,175415,1.25889e+10
1734935414.0,20090,125455,20085,86,20095,93,175413,1.25905e+10
1734935414.5,20090,125455,20090,21,20095,91,175413,1.25905e+10
1734935415.0,20090,125455,20090,27,20095,91,175413,1.25905e+10
1734935415.5,20090,125455,20090,27,20095,89,175413,1.25905e+10
1734935416.0,20090,125455,20090,27,20095,89,175413,1.25905e+10
1734935416.5,20090,125455,20090,60,20095,89,175413,1.25905e+10
1734935417.0,20090,125455,20090,71,20095,88,175413,1.25905e+10
1734935417.5,20090,125455,20090,71,20095,88,175413,1.25905e+10
1734935418.5,20090,125455,20090,72,20095,88,175413,1.25905e+10
1734935419.0,20090,125455,20090,71,20095,88,175413,1.25905e+10
1734935420.0,20095,125456,20090,71,20095,87,175412,1.25906e+10
1734935421.0,20090,125459,20090,68,20095,87,175414,1.25909e+10
1734935421.5,20090,125459,20090,78,20095,87,175414,1.25909e+10
1734935423.0,20090,125459,20090,78,20095,87,175414,1.25909e+10
1734935424.0,20090,125459,20090,100,20095,87,175414,1.25909e+10
1734935424.5,20090,125459,20090,100,20095,81,175414,1.25909e+10
1734935425.0,20090,125459,20090,106,20095,81,175414,1.25909e+10
1734935425.5,20090,125459,20090,107,20095,81,175414,1.25909e+10
1734935426.5,20090,125459,20090,107,20095,82,175414,1.25909e+10
1734935427.0,20090,125459,20090,107,20095,82,175414,1.25909e+10
1734935427.5,20090,125459,20090,107,20095,82,175414,1.25909e+10
1734935431.0,20090,125459,20090,107,20095,82,175414,1.25909e+10
1734935431.5,20090,125459,20090,107,20095,83,175414,1.25909e+10
1734935435.0,20090,125459,20090,107,20095,82,175414,1.25909e+10
1734935436.5,20090,125466,20090,100,20095,82,175408,1.25916e+10
1734935437.0,20090,125468,20090,99,20095,82,175406,1.25918e+10
1734935437.5,20090,125468,20090,93,20095,82,175406,1.25918e+10
1734935438.0,20090,125468,20090,93,20095,82,175406,1.25918e+10
1734935439.0,20090,125468,20090,94,20095,82,175406,1.25918e+10
1734935439.5,20090,125470,20090,92,20095,82,175406,1.2592e+10
1734935440.0,20090,125470,20090,93,20095,82,175406,1.2592e+10
1734935440.5,20090,125470,20090,92,20095,82,175406,1.2592e+10
1734935442.5,20090,125470,20090,70,20095,82,175406,1.2592e+10
1734935443.0,20090,125470,20090,34,20095,85,175406,1.2592e+10
1734935443.5,20090,125470,20090,34,20095,86,175406,1.2592e+10
1734935444.0,20090,125471,20090,33,20095,86,175405,1.25921e+10
1734935444.5,20090,125472,20090,45,20095,96,175405,1.25922e+10
1734935445.0,20090,125472,20090,45,20095,86,175405,1.25922e+10
1734935446.5,20090,125473,20090,44,20095,86,175405,1.25923e+10
1734935447.0,20090,125473,20090,44,20095,87,175405,1.25923e+10
1734935447.5,20090,125473,20090,41,20095,87,175405,1.25923e+10
1734935448.5,20090,125473,20090,43,20095,87,175405,1.25923e+10
1734935451.5,20095,125492,20090,43,20095,68,175411,1.25942e+10
1734935452.0,20095,125492,20090,72,20095,67,175411,1.25942e+10
1734935452.5,20095,125492,20090,73,20095,67,175411,1.25942e+10
1734935453.0,20095,125492,20090,73,20095,79,175411,1.25942e+10
1734935454.0,20095,125492,20090,74,20095,79,175411,1.25942e+10
1734935456.0,20095,125492,20090,74,20095,79,175411,1.25942e+10
1734935457.5,20095,125494,20090,75,20095,77,175411,1.25944e+10
1734935459.5,20095,125494,20090,78,20095,77,175411,1.25944e+10
1734935460.0,20095,125494,20090,78,20095,74,175411,1.25944e+10
1734935460.5,20095,125494,20090,78,20095,74,175411,1.25944e+10
1734935461.0,20095,125496,20090,78,20095,72,175411,1.25946e+10
1734935461.5,20090,125497,20090,77,20095,72,175411,1.25947e+10
1734935462.0,20095,125498,20090,78,20095,71,175410,1.25948e+10
1734935462.5,20095,125500,20090,108,20095,69,175408,1.2595e+10
1734935463.0,20095,125516,20090,108,20095,53,175422,1.25966e+10
1734935463.5,20095,125575,20095,7,20100,301,175427,1.26025e+10
1734935464.0,20095,125575,20095,47,20100,310,175427,1.26025e+10
1734935464.5,20095,125575,20095,48,20100,300,175427,1.26025e+10
1734935465.0,20095,125575,20095,49,20100,299,175427,1.26025e+10
1734935465.5,20095,125575,20095,49,20100,299,175427,1.26025e+10
1734935466.0,20095,125575,20095,72,20100,275,175427,1.26025e+10
1734935466.5,20095,125575,20095,73,20100,273,175427,1.26025e+10
1734935467.0,20095,125575,20095,73,20100,273,175427,1.26025e+10
1734935468.5,20100,125577,20095,72,20100,272,175427,1.26027e+10
1734935469.0,20100,125687,20095,25,20100,263,175476,1.26138e+10
1734935469.5,20100,125687,20095,30,20100,263,175476,1.26138e+10
1734935470.0,20100,125687,20095,39,20100,275,175476,1.26138e+10
1734935470.5,20100,125687,20095,39,20100,263,175476,1.26138e+10
1734935471.0,20100,125687,20095,39,20100,263,175476,1.26138e+10
1734935471.5,20100,125687,20095,40,20100,264,175476,1.26138e+10
1734935472.5,20100,125701,20095,40,20100,250,175480,1.26152e+10
1734935473.0,20100,125701,20095,40,20100,252,175480,1.26152e+10
1734935473.5,20100,125701,20095,41,20100,252,175480,1.26152e+10
1734935474.0,20100,125701,20095,41,20100,252,175480,1.26152e+10
1734935474.5,20095,125702,20095,41,20100,252,175481,1.26153e+10
1734935475.0,20095,125702,20095,42,20100,252,175481,1.26153e+10
1734935475.5,20095,125702,20095,42,20100,253,175481,1.26153e+10
1734935476.0,20095,125702,20095,42,20100,253,175481,1.26153e+10
1734935476.5,20095,125703,20095,41,20100,253,175482,1.26154e+10
1734935477.0,20095,125703,20095,38,20100,253,175482,1.26154e+10
1734935478.0,20095,125703,20095,40,20100,255,175482,1.26154e+10
1734935478.5,20095,125704,20095,39,20100,252,175483,1.26155e+10
1734935479.0,20095,125706,20095,37,20100,254,175483,1.26157e+10
1734935479.5,20095,125707,20095,36,20100,254,175484,1.26158e+10
1734935480.0,20095,125707,20095,36,20100,264,175484,1.26158e+10
1734935480.5,20095,125708,20095,34,20100,254,175484,1.26159e+10
1734935481.0,20095,125708,20095,34,20100,267,175484,1.26159e+10
1734935481.5,20095,125712,20095,30,20100,254,175483,1.26163e+10
1734935482.0,20095,125717,20095,19,20100,267,175483,1.26168e+10
1734935482.5,20095,125739,20090,126,20095,44,175467,1.2619e+10
1734935483.0,20095,125752,20090,130,20095,48,175457,1.26203e+10
1734935483.5,20095,125752,20090,130,20095,49,175457,1.26203e+10
1734935484.0,20095,125752,20090,128,20095,46,175457,1.26203e+10
1734935484.5,20095,125752,20090,128,20095,38,175457,1.26203e+10
1734935485.5,20095,125790,20090,128,20095,8,175463,1.26241e+10
1734935486.0,20095,125792,20090,130,20095,10,175463,1.26243e+10
1734935486.5,20095,125792,20090,128,20095,21,175463,1.26243e+10
1734935487.0,20095,125793,20090,136,20095,16,175463,1.26244e+10
1734935487.5,20095,125794,20090,128,20095,9,175463,1.26245e+10
1734935489.0,20095,125796,20090,135,20095,7,175463,1.26247e+10
1734935489.5,20095,125803,20095,12,20100,259,175464,1.26254e+10
1734935490.0,20095,125803,20095,31,20100,262,175464,1.26254e+10
1734935490.5,20095,125803,20095,27,20100,258,175464,1.26254e+10
1734935491.0,20100,125817,20095,27,20100,244,175478,1.26269e+10
1734935491.5,20100,125817,20095,34,20100,252,175478,1.26269e+10
1734935492.0,20100,125817,20095,34,20100,244,175478,1.26269e+10
1734935492.5,20100,125817,20095,34,20100,247,175478,1.26269e+10
1734935493.0,20095,125818,20095,33,20100,247,175479,1.2627e+10
1734935493.5,20095,125818,20095,31,20100,247,175479,1.2627e+10
1734935494.0,20095,125828,20095,22,20100,248,175479,1.2628e+10
1734935494.5,20095,125829,20095,11,20100,248,175480,1.26281e+10
1734935495.0,20095,125829,20095,11,20100,248,175480,1.26281e+10
1734935495.5,20095,125840,20090,151,20095,9,175484,1.26292e+10
1734935496.0,20095,125843,20090,156,20095,8,175486,1.26295e+10
1734935496.5,20095,125843,20090,150,20095,9,175486,1.26295e+10
1734935497.0,20095,125843,20090,150,20095,17,175486,1.26295e+10
1734935497.5,20095,125843,20090,150,20095,17,175486,1.26295e+10
1734935498.0,20095,125843,20090,150,20095,21,175486,1.26295e+10
1734935498.5,20095,125843,20090,147,20095,23,175486,1.26295e+10
1734935499.0,20095,125843,20090,147,20095,31,175486,1.26295e+10
1734935499.5,20095,125843,20090,145,20095,31,175486,1.26295e+10
1734935501.0,20095,125844,20090,145,20095,30,175487,1.26296e+10
1734935501.5,20090,125900,20090,94,20095,25,175518,1.26352e+10
1734935502.0,20090,125900,20090,75,20095,142,175518,1.26352e+10
1734935502.5,20090,125909,20090,32,20095,172,175515,1.26361e+10
1734935503.0,20090,125915,20090,25,20095,174,175515,1.26367e+10
1734935503.5,20095,125916,20090,26,20095,174,175515,1.26368e+10
1734935504.0,20095,125916,20090,26,20095,174,175515,1.26368e+10
1734935504.5,20090,125917,20090,25,20095,174,175515,1.26369e+10
1734935505.0,20090,125942,20085,82,20095,180,175511,1.26394e+10
1734935505.5,20090,125943,20085,88,20090,27,175510,1.26395e+10
1734935506.0,20090,125945,20085,80,20090,37,175510,1.26397e+10
1734935506.5,20090,125955,20085,77,20090,28,175500,1.26407e+10
1734935507.0,20090,125965,20085,77,20090,18,175490,1.26417e+10
1734935507.5,20095,125990,20085,82,20095,176,175477,1.26442e+10
1734935508.0,20095,126000,20090,18,20095,166,175475,1.26452e+10
1734935508.5,20095,126000,20090,19,20095,165,175475,1.26452e+10
1734935509.0,20095,126000,20090,20,20095,166,175475,1.26452e+10
1734935510.5,20090,126018,20090,2,20095,166,175469,1.2647e+10
1734935511.0,20090,126021,20085,79,20090,39,175466,1.26473e+10
1734935511.5,20090,126023,20085,83,20090,37,175467,1.26475e+10
1734935512.0,20090,126023,20085,84,20090,37,175467,1.26475e+10
1734935512.5,20090,126023,20085,78,20090,37,175467,1.26475e+10
1734935513.0,20090,126023,20085,78,20090,35,175467,1.26475e+10
1734935514.0,20090,126026,20085,78,20090,32,175467,1.26478e+10
1734935514.5,20090,126026,20085,78,20090,25,175467,1.26478e+10
1734935516.0,20090,126026,20085,78,20090,19,175467,1.26478e+10
1734935517.0,20090,126026,20085,78,20090,22,175467,1.26478e+10
1734935517.5,20090,126026,20085,79,20090,28,175467,1.26478e+10
1734935520.0,20090,126026,20085,81,20090,28,175467,1.26478e+10
1734935520.5,20090,126026,20085,81,20090,58,175467,1.26478e+10
1734935521.0,20090,126026,20085,81,20090,59,175467,1.26478e+10
1734935522.0,20090,126026,20085,87,20090,59,175467,1.26478e+10
1734935524.0,20090,126027,20085,87,20090,58,175467,1.26479e+10
1734935524.5,20090,126027,20085,87,20090,59,175467,1.26479e+10
1734935525.0,20085,126029,20085,85,20090,59,175466,1.26481e+10
1734935525.5,20085,126029,20085,90,20090,59,175466,1.26481e+10
1734935526.0,20085,126029,20085,90,20090,59,175466,1.26481e+10
1734935526.5,20085,126029,20085,90,20090,59,175466,1.26481e+10
1734935527.5,20090,126034,20085,90,20090,50,175461,1.26487e+10
1734935528.0,20090,126071,20090,3,20095,136,175462,1.26524e+10
1734935528.5,20090,126071,20090,20,20095,136,175462,1.26524e+10
1734935529.0,20090,126071,20090,16,20095,137,175462,1.26524e+10
1734935529.5,20090,126071,20090,7,20095,137,175462,1.26524e+10
1734935530.0,20090,126071,20090,3,20095,137,175462,1.26524e+10
1734935530.5,20090,126071,20090,4,20095,137,175462,1.26524e+10
1734935531.0,20090,126075,20085,93,20090,17,175463,1.26528e+10
1734935531.5,20090,126076,20085,104,20090,17,175464,1.26529e+10
1734935532.0,20090,126093,20090,1,20095,137,175479,1.26546e+10
1734935532.5,20090,126093,20090,5,20095,137,175479,1.26546e+10
1734935533.0,20090,126098,20090,1,20095,137,175477,1.26551e+10
1734935533.5,20090,126099,20085,98,20090,7,175477,1.26552e+10
1734935534.0,20090,126100,20085,97,20090,9,175477,1.26553e+10
1734935534.5,20090,126100,20085,97,20090,19,175477,1.26553e+10
1734935535.0,20090,126100,20085,98,20090,20,175477,1.26553e+10
1734935535.5,20090,126100,20085,98,20090,10,175477,1.26553e+10
1734935536.5,20090,126101,20085,105,20090,9,175477,1.26554e+10
1734935537.0,20090,126102,20085,98,20090,8,175477,1.26555e+10
1734935538.0,20090,126102,20085,98,20090,11,175477,1.26555e+10
1734935538.5,20090,126102,20085,95,20090,27,175477,1.26555e+10
1734935539.0,20085,126103,20085,90,20090,78,175478,1.26556e+10
1734935539.5,20085,126103,20085,80,20090,86,175478,1.26556e+10
1734935540.5,20085,126108,20085,75,20090,86,175475,1.26561e+10
1734935541.0,20085,126108,20085,77,20090,86,175475,1.26561e+10
1734935541.5,20085,126108,20085,77,20090,87,175475,1.26561e+10
1734935542.0,20090,126109,20085,77,20090,86,175474,1.26562e+10
1734935543.0,20085,126110,20085,76,20090,86,175473,1.26563e+10
1734935544.0,20085,126110,20085,76,20090,87,175473,1.26563e+10
1734935544.5,20085,126110,20085,76,20090,88,175473,1.26563e+10
1734935545.0,20085,126110,20085,77,20090,88,175473,1.26563e+10
1734935545.5,20085,126110,20085,77,20090,88,175473,1.26563e+10
1734935550.5,20085,126112,20085,75,20090,88,175471,1.26565e+10
1734935551.0,20085,126112,20085,72,20090,88,175471,1.26565e+10
1734935551.5,20085,126113,20085,71,20090,87,175470,1.26566e+10
1734935552.0,20085,126113,20085,69,20090,87,175470,1.26566e+10
1734935552.5,20085,126113,20085,69,20090,89,175470,1.26566e+10
1734935553.0,20090,126115,20085,69,20090,87,175470,1.26568e+10
1734935553.5,20090,126115,20085,77,20090,92,175470,1.26568e+10
1734935555.0,20090,126115,20085,69,20090,93,175470,1.26568e+10
1734935555.5,20090,126115,20085,69,20090,92,175470,1.26568e+10
1734935556.0,20090,126116,20085,69,20090,91,175469,1.26569e+10
1734935556.5,20090,126116,20085,69,20090,92,175469,1.26569e+10
1734935557.0,20090,126116,20085,77,20090,92,175469,1.26569e+10
1734935557.5,20090,126116,20085,77,20090,92,175469,1.26569e+10
1734935558.0,20090,126116,20085,77,20090,92,175469,1.26569e+10
1734935559.5,20085,126136,20085,49,20090,92,175450,1.26589e+10
1734935560.0,20085,126141,20085,44,20090,92,175455,1.26594e+10
1734935560.5,20085,126160,20085,25,20090,107,175451,1.26613e+10
1734935561.0,20085,126177,20080,167,20085,2,175451,1.2663e+10
1734935561.5,20085,126180,20080,173,20085,11,175450,1.26633e+10
1734935562.0,20085,126180,20080,176,20085,9,175450,1.26633e+10
1734935562.5,20085,126180,20080,176,20085,13,175450,1.26633e+10
1734935563.0,20085,126180,20080,176,20085,13,175450,1.26633e+10
1734935563.5,20085,126180,20080,154,20085,17,175450,1.26633e+10
1734935564.0,20085,126180,20080,154,20085,19,175450,1.26633e+10
1734935564.5,20080,126185,20080,145,20085,56,175455,1.26638e+10
1734935565.0,20085,126188,20080,143,20085,54,175456,1.26641e+10
1734935565.5,20085,126188,20080,137,20085,56,175456,1.26641e+10
1734935567.0,20085,126188,20080,137,20085,31,175456,1.26641e+10
1734935567.5,20085,126188,20080,137,20085,39,175456,1.26641e+10
1734935568.0,20085,126188,20080,138,20085,88,175456,1.26641e+10
1734935568.5,20085,126188,20080,138,20085,88,175456,1.26641e+10
1734935570.0,20080,126189,20080,137,20085,88,175457,1.26642e+10
1734935571.0,20080,126190,20080,136,20085,87,175457,1.26643e+10
1734935572.5,20080,126190,20080,136,20085,88,175457,1.26643e+10
1734935573.5,20080,126191,20080,135,20085,88,175457,1.26644e+10
1734935575.5,20080,126191,20080,135,20085,88,175457,1.26644e+10
1734935576.0,20080,126192,20080,134,20085,88,175457,1.26645e+10
1734935577.5,20080,126192,20080,135,20085,88,175457,1.26645e+10
1734935579.0,20080,126193,20080,134,20085,88,175456,1.26646e+10
1734935580.5,20080,126193,20080,134,20085,88,175456,1.26646e+10
1734935582.0,20080,126194,20080,133,20085,88,175456,1.26647e+10
1734935582.5,20085,126195,20080,133,20085,87,175456,1.26648e+10
1734935584.5,20085,126195,20080,134,20085,87,175456,1.26648e+10
1734935585.0,20085,126195,20080,135,20085,87,175456,1.26648e+10
1734935585.5,20080,126196,20080,134,20085,87,175456,1.26649e+10
1734935586.0,20080,126196,20080,134,20085,87,175456,1.26649e+10
1734935587.0,20080,126196,20080,134,20085,61,175456,1.26649e+10
1734935587.5,20080,126196,20080,134,20085,57,175456,1.26649e+10
1734935588.0,20080,126196,20080,134,20085,44,175456,1.26649e+10
1734935588.5,20080,126196,20080,134,20085,31,175456,1.26649e+10
1734935589.5,20080,126196,20080,134,20085,46,175456,1.26649e+10
1734935590.0,20080,126196,20080,134,20085,71,175456,1.26649e+10
1734935591.0,20080,126196,20080,134,20085,72,175456,1.26649e+10
1734935591.5,20080,126196,20080,135,20085,72,175456,1.26649e+10
1734935592.0,20080,126196,20080,135,20085,73,175456,1.26649e+10
1734935593.0,20085,126197,20080,135,20085,72,175455,1.2665e+10
1734935594.0,20085,126197,20080,135,20085,71,175455,1.2665e+10
1734935595.5,20085,126197,20080,134,20085,71,175455,1.2665e+10
1734935596.0,20080,126198,20080,133,20085,72,175455,1.26651e+10
1734935596.5,20080,126198,20080,133,20085,72,175455,1.26651e+10
1734935597.5,20080,126198,20080,149,20085,72,175455,1.26651e+10
1734935600.0,20080,126198,20080,149,20085,73,175455,1.26651e+10
1734935600.5,20080,126201,20080,146,20085,74,175458,1.26654e+10
1734935601.0,20080,126201,20080,147,20085,75,175458,1.26654e+10
1734935602.0,20080,126201,20080,147,20085,75,175458,1.26654e+10
1734935603.0,20080,126201,20080,147,20085,75,175458,1.26654e+10
1734935605.5,20080,126202,20080,146,20085,75,175458,1.26655e+10
1734935606.0,20080,126202,20080,148,20085,75,175458,1.26655e+10
1734935607.0,20080,126202,20080,148,20085,84,175458,1.26655e+10
1734935607.5,20080,126202,20080,148,20085,84,175458,1.26655e+10
1734935609.0,20080,126202,20080,148,20085,84,175458,1.26655e+10
1734935609.5,20080,126206,20080,146,20085,84,175458,1.26659e+10
1734935610.0,20080,126210,20080,132,20085,95,175459,1.26663e+10
1734935610.5,20080,126214,20080,118,20085,90,175459,1.26667e+10
1734935611.0,20080,126217,20080,115,20085,90,175459,1.2667e+10
1734935612.5,20080,126217,20080,115,20085,90,175459,1.2667e+10
1734935613.0,20080,126217,20080,115,20085,90,175459,1.2667e+10
1734935613.5,20080,126217,20080,115,20085,91,175459,1.2667e+10
1734935614.0,20080,126218,20080,114,20085,92,175458,1.26671e+10
1734935614.5,20080,126218,20080,115,20085,92,175458,1.26671e+10
1734935615.0,20080,126218,20080,115,20085,92,175458,1.26671e+10
1734935616.0,20080,126218,20080,115,20085,93,175458,1.26671e+10
1734935618.0,20080,126218,20080,115,20085,93,175458,1.26671e+10
1734935618.5,20080,126218,20080,117,20085,93,175458,1.26671e+10
1734935620.0,20080,126218,20080,117,20085,93,175458,1.26671e+10
1734935620.5,20080,126218,20080,117,20085,93,175458,1.26671e+10
1734935621.0,20080,126218,20080,118,20085,93,175458,1.26671e+10
1734935622.5,20080,126218,20080,119,20085,93,175458,1.26671e+10
1734935623.0,20080,126238,20080,99,20085,93,175468,1.26691e+10
1734935623.5,20080,126287,20080,51,20085,93,175470,1.26741e+10
1734935624.0,20080,126339,20075,178,20080,42,175476,1.26793e+10
1734935624.5,20075,126340,20075,169,20080,72,175477,1.26794e+10
1734935625.0,20075,126340,20075,153,20080,76,175477,1.26794e+10
1734935625.5,20075,126340,20075,148,20080,76,175477,1.26794e+10
1734935626.0,20075,126340,20075,148,20080,57,175477,1.26794e+10
1734935627.0,20075,126340,20075,148,20080,45,175477,1.26794e+10
1734935627.5,20075,126340,20075,148,20080,71,175477,1.26794e+10
1734935628.0,20075,126340,20075,146,20080,71,175477,1.26794e+10
1734935629.0,20075,126340,20075,144,20080,58,175477,1.26794e+10
1734935630.5,20075,126340,20075,144,20080,58,175477,1.26794e+10
1734935631.0,20075,126360,20075,124,20080,61,175497,1.26814e+10
1734935631.5,20075,126360,20075,86,20080,67,175497,1.26814e+10
1734935632.0,20075,126361,20075,86,20080,68,175497,1.26815e+10
1734935633.5,20075,126361,20075,86,20080,80,175497,1.26815e+10
1734935634.0,20075,126361,20075,86,20080,82,175497,1.26815e+10
1734935634.5,20075,126396,20075,51,20080,82,175472,1.2685e+10
1734935635.0,20075,126407,20075,40,20080,83,175480,1.26861e+10
1734935635.5,20075,126407,20075,40,20080,84,175480,1.26861e+10
1734935636.0,20075,126407,20075,46,20080,84,175480,1.26861e+10
1734935637.5,20075,126407,20075,47,20080,84,175480,1.26861e+10
1734935638.0,20075,126407,20075,49,20080,84,175480,1.26861e+10
1734935638.5,20075,126427,20075,30,20080,84,175500,1.26881e+10
1734935639.0,20075,126433,20075,18,20080,84,175497,1.26887e+10
1734935639.5,20075,126433,20075,19,20080,84,175497,1.26887e+10
1734935640.0,20075,126433,20075,25,20080,84,175497,1.26887e+10
1734935641.0,20075,126433,20075,31,20080,84,175497,1.26887e+10
1734935641.5,20075,126433,20075,75,20080,84,175497,1.26887e+10
1734935642.0,20075,126433,20075,75,20080,65,175497,1.26887e+10
1734935642.5,20075,126433,20075,75,20080,33,175497,1.26887e+10
1734935643.0,20075,126433,20075,76,20080,33,175497,1.26887e+10
1734935643.5,20075,126433,20075,102,20080,39,175497,1.26887e+10
1734935644.0,20080,126434,20075,108,20080,32,175498,1.26888e+10
1734935644.5,20080,126436,20075,108,20080,25,175498,1.2689e+10
1734935645.0,20080,126436,20075,108,20080,24,175498,1.2689e+10
1734935646.0,20075,126504,20075,46,20080,24,175472,1.26958e+10
1734935646.5,20075,126551,20070,106,20080,135,175452,1.27006e+10
1734935647.0,20075,126551,20070,117,20075,23,175452,1.27006e+10
1734935647.5,20075,126556,20070,128,20075,39,175452,1.27011e+10
1734935648.0,20075,126556,20070,119,20075,39,175452,1.27011e+10
1734935648.5,20075,126556,20070,102,20075,39,175452,1.27011e+10
1734935649.0,20075,126556,20070,90,20075,45,175452,1.27011e+10
1734935649.5,20075,126556,20070,90,20075,47,175452,1.27011e+10
1734935650.0,20075,126556,20070,80,20075,47,175452,1.27011e+10
1734935650.5,20075,126556,20070,80,20075,49,175452,1.27011e+10
1734935652.0,20075,126556,20070,80,20075,49,175452,1.27011e+10
1734935652.5,20075,126556,20070,80,20075,47,175452,1.27011e+10
1734935653.0,20075,126556,20070,83,20075,77,175452,1.27011e+10
1734935653.5,20075,126556,20070,84,20075,77,175452,1.27011e+10
1734935654.0,20075,126557,20070,85,20075,75,175451,1.27012e+10
1734935654.5,20075,126557,20070,91,20075,75,175451,1.27012e+10
1734935655.0,20075,126557,20070,93,20075,75,175451,1.27012e+10
1734935655.5,20075,126557,20070,93,20075,75,175451,1.27012e+10
1734935656.5,20075,126558,20070,93,20075,74,175451,1.27013e+10
1734935657.0,20075,126559,20070,102,20075,73,175451,1.27014e+10
1734935657.5,20075,126636,20070,102,20075,8,175450,1.27091e+10
1734935658.0,20075,126652,20075,36,20080,140,175438,1.27107e+10
1734935658.5,20080,126655,20075,37,20080,109,175439,1.2711e+10
1734935659.0,20080,126655,20075,70,20080,110,175439,1.2711e+10
1734935659.5,20080,126655,20075,71,20080,110,175439,1.2711e+10
1734935660.0,20080,126656,20075,66,20080,109,175440,1.27111e+10
1734935660.5,20080,126656,20075,67,20080,109,175440,1.27111e+10
1734935661.0,20080,126656,20075,67,20080,99,175440,1.27111e+10
1734935661.5,20080,126656,20075,67,20080,99,175440,1.27111e+10
1734935662.0,20080,126656,20075,67,20080,100,175440,1.27111e+10
1734935663.0,20080,126657,20075,67,20080,99,175440,1.27112e+10
1734935663.5,20080,126657,20075,68,20080,99,175440,1.27112e+10
1734935666.0,20080,126657,20075,68,20080,95,175440,1.27112e+10
1734935666.5,20080,126657,20075,68,20080,63,175440,1.27112e+10
1734935667.0,20080,126657,20075,72,20080,63,175440,1.27112e+10
1734935667.5,20080,126657,20075,73,20080,63,175440,1.27112e+10
1734935668.5,20080,126657,20075,73,20080,63,175440,1.27112e+10
1734935669.5,20080,126657,20075,73,20080,63,175440,1.27112e+10
1734935670.5,20075,126658,20075,72,20080,63,175440,1.27113e+10
1734935671.0,20075,126658,20075,72,20080,63,175440,1.27113e+10
1734935672.0,20075,126658,20075,72,20080,63,175440,1.27113e+10
1734935672.5,20075,126658,20075,72,20080,63,175440,1.27113e+10
1734935673.0,20075,126658,20075,72,20080,63,175440,1.27113e+10
1734935673.5,20075,126658,20075,72,20080,66,175440,1.27113e+10
1734935674.0,20075,126658,20075,72,20080,68,175440,1.27113e+10
1734935674.5,20075,126658,20075,72,20080,64,175440,1.27113e+10
1734935675.0,20080,126659,20075,72,20080,63,175441,1.27114e+10
1734935677.0,20080,126659,20075,72,20080,64,175441,1.27114e+10
1734935677.5,20080,126659,20075,72,20080,64,175441,1.27114e+10
1734935679.0,20080,126659,20075,74,20080,65,175441,1.27114e+10
1734935679.5,20080,126660,20075,75,20080,114,175442,1.27115e+10
1734935682.0,20080,126660,20075,79,20080,114,175442,1.27115e+10
1734935683.0,20080,126660,20075,80,20080,114,175442,1.27115e+10
1734935684.0,20080,126660,20075,80,20080,114,175442,1.27115e+10
1734935686.0,20075,126661,20075,79,20080,114,175443,1.27116e+10
1734935687.0,20075,126662,20075,78,20080,114,175444,1.27117e+10
1734935688.0,20080,126663,20075,78,20080,113,175445,1.27118e+10
1734935689.0,20080,126663,20075,78,20080,113,175445,1.27118e+10
1734935693.5,20080,126664,20075,78,20080,112,175445,1.27119e+10
1734935694.0,20080,126664,20075,79,20080,113,175445,1.27119e+10
1734935694.5,20080,126665,20075,80,20080,112,175444,1.2712e+10
1734935695.0,20080,126665,20075,81,20080,113,175444,1.2712e+10
1734935696.0,20080,126666,20075,81,20080,112,175444,1.27121e+10
1734935697.0,20080,126666,20075,81,20080,112,175444,1.27121e+10
1734935698.5,20080,126666,20075,81,20080,112,175444,1.27121e+10
1734935699.0,20080,126666,20075,81,20080,112,175444,1.27121e+10
1734935699.5,20075,126670,20075,77,20080,112,175446,1.27125e+10
1734935700.0,20075,126670,20075,77,20080,112,175446,1.27125e+10
1734935701.5,20075,126670,20075,77,20080,112,175446,1.27125e+10
1734935702.5,20075,126670,20075,51,20080,112,175446,1.27125e+10
1734935703.0,20075,126671,20075,46,20080,112,175446,1.27126e+10
1734935703.5,20075,126680,20075,37,20080,115,175444,1.27135e+10
1734935704.0,20075,126682,20075,42,20080,116,175446,1.27137e+10
1734935705.0,20075,126682,20075,43,20080,116,175446,1.27137e+10
1734935705.5,20075,126725,20070,115,20080,67,175416,1.2718e+10
1734935706.0,20075,126725,20070,113,20080,70,175416,1.2718e+10
1734935706.5,20075,126725,20070,120,20075,6,175416,1.2718e+10
1734935707.0,20075,126727,20070,119,20075,5,175418,1.27182e+10
1734935707.5,20075,126728,20070,119,20075,4,175419,1.27183e+10
1734935708.0,20075,126729,20070,119,20075,3,175420,1.27184e+10
1734935708.5,20075,126730,20070,117,20075,10,175421,1.27185e+10
1734935709.0,20075,126731,20070,117,20075,13,175422,1.27186e+10
1734935709.5,20075,126731,20070,108,20075,13,175422,1.27186e+10
1734935710.0,20075,126731,20070,117,20075,18,175422,1.27186e+10
1734935710.5,20075,126731,20070,108,20075,13,175422,1.27186e+10
1734935711.0,20075,126731,20070,117,20075,9,175422,1.27186e+10
1734935711.5,20070,126734,20070,115,20075,4,175422,1.27189e+10
1734935712.0,20075,126739,20070,121,20080,87,175425,1.27194e+10
1734935712.5,20075,126739,20075,17,20080,86,175425,1.27194e+10
1734935713.0,20075,126739,20075,24,20080,84,175425,1.27194e+10
1734935713.5,20075,126739,20075,24,20080,82,175425,1.27194e+10
1734935714.0,20075,126739,20075,24,20080,82,175425,1.27194e+10
1734935715.0,20075,126739,20075,30,20080,82,175425,1.27194e+10
1734935715.5,20075,126739,20075,32,20080,80,175425,1.27194e+10
1734935720.5,20075,126739,20075,32,20080,80,175425,1.27194e+10
1734935721.0,20075,126741,20075,30,20080,80,175425,1.27196e+10
1734935721.5,20075,126741,20075,30,20080,80,175425,1.27196e+10
1734935722.0,20075,126741,20075,36,20080,80,175425,1.27196e+10
1734935722.5,20075,126744,20075,33,20080,80,175422,1.27199e+10
1734935723.0,20075,126744,20075,27,20080,80,175422,1.27199e+10
1734935723.5,20075,126745,20075,26,20080,79,175421,1.272e+10
1734935725.5,20075,126745,20075,26,20080,80,175421,1.272e+10
1734935726.0,20075,126745,20075,31,20080,83,175421,1.272e+10
1734935726.5,20075,126746,20075,30,20080,80,175420,1.27201e+10
1734935727.0,20075,126746,20075,30,20080,79,175420,1.27201e+10
1734935727.5,20075,126746,20075,72,20080,79,175420,1.27201e+10
1734935728.0,20080,126747,20075,92,20080,68,175420,1.27202e+10
1734935728.5,20075,126758,20075,92,20080,67,175420,1.27213e+10
1734935729.0,20080,126809,20075,45,20080,65,175461,1.27265e+10
1734935729.5,20075,126849,20070,115,20075,10,175492,1.27305e+10
1734935730.0,20075,126861,20075,13,20080,78,175490,1.27317e+10
1734935730.5,20080,126866,20075,19,20080,70,175485,1.27322e+10
1734935731.0,20080,126866,20075,76,20080,69,175485,1.27322e+10
1734935731.5,20075,126867,20075,77,20080,70,175485,1.27323e+10
1734935732.0,20075,126878,20075,73,20080,58,175490,1.27334e+10
1734935732.5,20075,126878,20075,68,20080,60,175490,1.27334e+10
1734935733.0,20075,126878,20075,72,20080,60,175490,1.27334e+10
1734935733.5,20075,126878,20075,83,20080,61,175490,1.27334e+10
1734935734.0,20075,126878,20075,83,20080,62,175490,1.27334e+10
1734935734.5,20075,126878,20075,93,20080,36,175490,1.27334e+10
1734935735.0,20075,126878,20075,93,20080,33,175490,1.27334e+10
1734935736.0,20080,126909,20075,93,20080,2,175499,1.27365e+10
1734935736.5,20080,126911,20075,97,20080,1,175499,1.27367e+10
1734935737.0,20080,126912,20075,97,20080,7,175498,1.27368e+10
1734935737.5,20080,126917,20075,97,20080,10,175501,1.27373e+10
1734935738.0,20085,126926,20075,97,20085,91,175505,1.27382e+10
1734935738.5,20080,126931,20080,23,20085,97,175505,1.27387e+10
1734935739.0,20085,126953,20080,17,20085,75,175525,1.27409e+10
1734935739.5,20085,126953,20080,27,20085,79,175525,1.27409e+10
1734935740.0,20085,126953,20080,31,20085,79,175525,1.27409e+10
1734935740.5,20085,126953,20080,31,20085,79,175525,1.27409e+10
1734935741.5,20085,126953,20080,31,20085,79,175525,1.27409e+10
1734935742.0,20085,126953,20080,31,20085,80,175525,1.27409e+10
1734935744.0,20085,126953,20080,31,20085,80,175525,1.27409e+10
1734935744.5,20085,126953,20080,31,20085,78,175525,1.27409e+10
1734935745.0,20085,126953,20080,31,20085,76,175525,1.27409e+10
1734935745.5,20080,126954,20080,30,20085,75,175524,1.2741e+10
1734935746.0,20080,126954,20080,36,20085,75,175524,1.2741e+10
1734935747.5,20080,126954,20080,36,20085,76,175524,1.2741e+10
1734935748.0,20080,126954,20080,36,20085,75,175524,1.2741e+10
1734935748.5,20080,126954,20080,36,20085,76,175524,1.2741e+10
1734935749.0,20085,126971,20080,36,20085,59,175538,1.27427e+10
1734935749.5,20085,126971,20080,37,20085,49,175538,1.27427e+10
1734935750.0,20085,126971,20080,37,20085,49,175538,1.27427e+10
1734935752.5,20085,126971,20080,37,20085,50,175538,1.27427e+10
1734935753.0,20085,126971,20080,38,20085,51,175538,1.27427e+10
1734935756.0,20085,126971,20080,46,20085,51,175538,1.27427e+10
1734935756.5,20085,126971,20080,47,20085,51,175538,1.27427e+10
1734935757.0,20085,126971,20080,39,20085,51,175538,1.27427e+10
1734935757.5,20085,126972,20080,39,20085,50,175538,1.27428e+10
1734935759.0,20085,126973,20080,39,20085,52,175538,1.27429e+10
1734935762.0,20085,126973,20080,40,20085,52,175538,1.27429e+10
1734935762.5,20085,126973,20080,47,20085,53,175538,1.27429e+10
1734935763.0,20085,126973,20080,47,20085,53,175538,1.27429e+10
1734935763.5,20080,126974,20080,46,20085,53,175537,1.2743e+10
1734935764.0,20080,126974,20080,47,20085,53,175537,1.2743e+10
1734935766.0,20080,126974,20080,47,20085,53,175537,1.2743e+10
1734935766.5,20080,126974,20080,47,20085,53,175537,1.2743e+10
1734935767.5,20080,126974,20080,48,20085,53,175537,1.2743e+10
1734935771.5,20080,126974,20080,50,20085,53,175537,1.2743e+10
1734935773.0,20080,126975,20080,49,20085,53,175537,1.27431e+10
1734935773.5,20080,126975,20080,46,20085,53,175537,1.27431e+10
1734935776.0,20085,126980,20080,46,20085,55,175537,1.27436e+10
1734935776.5,20085,126984,20080,46,20085,51,175537,1.2744e+10
1734935778.5,20085,126984,20080,66,20085,51,175537,1.2744e+10
1734935779.0,20085,127003,20080,66,20085,42,175542,1.27459e+10
1734935779.5,20085,127003,20080,67,20085,45,175542,1.27459e+10
1734935781.0,20085,127003,20080,67,20085,45,175542,1.27459e+10
1734935781.5,20085,127003,20080,67,20085,46,175542,1.27459e+10
1734935782.5,20085,127003,20080,67,20085,45,175542,1.27459e+10
1734935783.5,20085,127003,20080,67,20085,45,175542,1.27459e+10
1734935786.5,20085,127003,20080,67,20085,46,175542,1.27459e+10
1734935792.0,20085,127003,20080,67,20085,23,175542,1.27459e+10
1734935792.5,20085,127003,20080,67,20085,26,175542,1.27459e+10
1734935793.0,20085,127003,20080,67,20085,26,175542,1.27459e+10
1734935793.5,20080,127004,20080,66,20085,27,175541,1.2746e+10
1734935794.0,20080,127005,20080,65,20085,28,175541,1.27461e+10
1734935794.5,20080,127005,20080,65,20085,53,175541,1.27461e+10
1734935795.5,20080,127005,20080,66,20085,53,175541,1.27461e+10
1734935796.0,20080,127005,20080,66,20085,53,175541,1.27461e+10
1734935796.5,20080,127005,20080,66,20085,56,175541,1.27461e+10
1734935797.0,20080,127005,20080,67,20085,56,175541,1.27461e+10
1734935797.5,20080,127005,20080,67,20085,57,175541,1.27461e+10
1734935798.5,20080,127005,20080,67,20085,56,175541,1.27461e+10
1734935799.5,20085,127008,20080,67,20085,54,175544,1.27464e+10
1734935800.0,20085,127008,20080,67,20085,53,175544,1.27464e+10
1734935801.0,20080,127063,20080,14,20085,56,175512,1.2752e+10
1734935801.5,20080,127065,20080,13,20085,66,175512,1.27522e+10
1734935802.0,20080,127065,20080,18,20085,67,175512,1.27522e+10
1734935802.5,20080,127065,20080,20,20085,67,175512,1.27522e+10
1734935803.0,20080,127065,20080,20,20085,65,175512,1.27522e+10
1734935804.5,20080,127065,20080,20,20085,65,175512,1.27522e+10
1734935805.0,20085,127069,20080,20,20085,62,175515,1.27526e+10
1734935805.5,20085,127069,20080,20,20085,65,175515,1.27526e+10
1734935806.0,20085,127069,20080,20,20085,65,175515,1.27526e+10
1734935807.5,20085,127069,20080,20,20085,115,175515,1.27526e+10
1734935808.0,20080,127090,20075,107,20085,115,175511,1.27547e+10
1734935808.5,20080,127094,20075,115,20080,16,175507,1.27551e+10
1734935809.0,20080,127095,20075,122,20080,20,175507,1.27552e+10
1734935809.5,20080,127096,20075,122,20080,19,175507,1.27553e+10
1734935810.0,20080,127097,20075,121,20080,18,175507,1.27554e+10
1734935810.5,20080,127098,20075,122,20080,21,175507,1.27555e+10
1734935811.0,20080,127098,20075,113,20080,17,175507,1.27555e+10
1734935811.5,20080,127098,20075,113,20080,20,175507,1.27555e+10
1734935812.0,20080,127098,20075,113,20080,32,175507,1.27555e+10
1734935812.5,20080,127098,20075,106,20080,32,175507,1.27555e+10
1734935813.0,20080,127133,20075,105,20080,23,175518,1.2759e+10
1734935813.5,20080,127133,20075,105,20080,3,175518,1.2759e+10
1734935814.0,20080,127136,20075,107,20080,1,175518,1.27593e+10
1734935814.5,20080,127136,20075,107,20080,24,175518,1.27593e+10
1734935815.0,20080,127136,20075,107,20080,24,175518,1.27593e+10
1734935815.5,20080,127139,20075,107,20080,21,175516,1.27596e+10
1734935816.0,20080,127139,20075,107,20080,23,175516,1.27596e+10
1734935816.5,20080,127139,20075,107,20080,24,175516,1.27596e+10
1734935817.0,20080,127139,20075,108,20080,24,175516,1.27596e+10
1734935817.5,20080,127139,20075,108,20080,24,175516,1.27596e+10
1734935818.0,20080,127139,20075,108,20080,24,175516,1.27596e+10
1734935818.5,20080,127140,20075,113,20080,20,175516,1.27597e+10
1734935819.0,20080,127142,20075,109,20080,17,175514,1.27599e+10
1734935819.5,20080,127142,20075,117,20080,16,175514,1.27599e+10
1734935820.0,20080,127143,20075,117,20080,15,175514,1.276e+10
1734935820.5,20080,127158,20075,119,20085,114,175515,1.27615e+10
1734935821.0,20080,127158,20080,20,20085,127,175515,1.27615e+10
1734935821.5,20080,127159,20080,30,20085,126,175514,1.27616e+10
1734935822.0,20080,127168,20080,27,20085,126,175509,1.27625e+10
1734935822.5,20080,127168,20080,28,20085,125,175509,1.27625e+10
1734935823.0,20080,127168,20080,28,20085,125,175509,1.27625e+10
1734935823.5,20080,127168,20080,29,20085,125,175509,1.27625e+10
1734935824.0,20080,127168,20080,30,20085,125,175509,1.27625e+10
1734935825.5,20085,127169,20080,30,20085,124,175508,1.27626e+10
1734935826.0,20085,127169,20080,31,20085,126,175508,1.27626e+10
1734935827.5,20085,127169,20080,31,20085,124,175508,1.27626e+10
1734935828.0,20085,127169,20080,31,20085,122,175508,1.27626e+10
1734935828.5,20085,127169,20080,37,20085,122,175508,1.27626e+10
1734935829.0,20085,127169,20080,37,20085,123,175508,1.27626e+10
1734935829.5,20080,127170,20080,36,20085,123,175509,1.27627e+10
1734935830.0,20080,127172,20080,35,20085,123,175509,1.27629e+10
1734935830.5,20080,127172,20080,40,20085,123,175509,1.27629e+10
1734935832.0,20080,127172,20080,66,20085,123,175509,1.27629e+10
1734935832.5,20080,127172,20080,69,20085,123,175509,1.27629e+10
1734935833.5,20080,127172,20080,69,20085,123,175509,1.27629e+10
1734935834.0,20080,127172,20080,70,20085,123,175509,1.27629e+10
1734935834.5,20080,127172,20080,70,20085,115,175509,1.27629e+10
1734935835.5,20080,127172,20080,70,20085,104,175509,1.27629e+10
1734935836.5,20080,127172,20080,70,20085,104,175509,1.27629e+10
1734935837.0,20085,127192,20080,70,20085,84,175521,1.27649e+10
1734935837.5,20085,127192,20080,84,20085,73,175521,1.27649e+10
1734935838.0,20085,127195,20080,81,20085,70,175521,1.27652e+10
1734935840.5,20085,127195,20080,81,20085,71,175521,1.27652e+10
1734935841.0,20085,127195,20080,55,20085,74,175521,1.27652e+10
1734935841.5,20085,127195,20080,50,20085,75,175521,1.27652e+10
1734935842.0,20085,127197,20080,40,20085,74,175522,1.27654e+10
1734935842.5,20085,127197,20080,40,20085,76,175522,1.27654e+10
1734935844.0,20085,127197,20080,48,20085,76,175522,1.27654e+10
1734935844.5,20085,127197,20080,48,20085,75,175522,1.27654e+10
1734935845.5,20085,127197,20080,50,20085,75,175522,1.27654e+10
1734935846.5,20080,127198,20080,59,20085,75,175522,1.27655e+10
1734935847.0,20085,127203,20080,74,20085,70,175522,1.2766e+10
1734935848.0,20085,127204,20080,74,20085,69,175523,1.27661e+10
1734935850.0,20085,127204,20080,74,20085,69,175523,1.27661e+10
1734935850.5,20085,127204,20080,75,20085,69,175523,1.27661e+10
1734935851.5,20085,127205,20080,76,20085,68,175524,1.27662e+10
1734935852.0,20085,127205,20080,76,20085,68,175524,1.27662e+10
1734935853.0,20085,127205,20080,76,20085,68,175524,1.27662e+10
1734935853.5,20085,127205,20080,76,20085,68,175524,1.27662e+10
1734935854.5,20085,127209,20080,76,20085,64,175528,1.27666e+10
1734935855.0,20085,127209,20080,79,20085,64,175528,1.27666e+10
1734935856.0,20085,127210,20080,79,20085,63,175529,1.27667e+10
1734935859.5,20085,127210,20080,79,20085,65,175529,1.27667e+10
1734935860.0,20085,127210,20080,79,20085,65,175529,1.27667e+10
1734935865.5,20085,127210,20080,80,20085,65,175529,1.27667e+10
1734935866.5,20085,127210,20080,80,20085,66,175529,1.27667e+10
1734935868.0,20085,127210,20080,80,20085,68,175529,1.27667e+10
1734935868.5,20085,127211,20080,80,20085,67,175530,1.27668e+10
1734935869.0,20085,127212,20080,80,20085,66,175531,1.27669e+10
1734935869.5,20085,127212,20080,81,20085,66,175531,1.27669e+10
1734935871.5,20085,127212,20080,80,20085,66,175531,1.27669e+10
1734935874.5,20085,127212,20080,80,20085,66,175531,1.27669e+10
1734935875.0,20080,127213,20080,79,20085,66,175531,1.2767e+10
1734935875.5,20080,127213,20080,79,20085,66,175531,1.2767e+10
1734935877.5,20080,127215,20080,74,20085,66,175531,1.27672e+10
1734935878.5,20080,127215,20080,66,20085,66,175531,1.27672e+10
1734935881.0,20080,127215,20080,66,20085,64,175531,1.27672e+10
1734935881.5,20085,127221,20080,69,20085,58,175533,1.27678e+10
1734935882.0,20085,127222,20080,69,20085,57,175534,1.27679e+10
1734935883.0,20085,127222,20080,69,20085,58,175534,1.27679e+10
1734935883.5,20085,127222,20080,69,20085,60,175534,1.27679e+10
1734935884.0,20085,127222,20080,69,20085,59,175534,1.27679e+10
1734935888.5,20085,127222,20080,69,20085,81,175534,1.27679e+10
1734935889.5,20080,127223,20080,68,20085,81,175535,1.2768e+10
1734935893.0,20080,127287,20075,133,20080,79,175518,1.27744e+10
1734935893.5,20080,127293,20075,96,20080,94,175518,1.27751e+10
1734935894.0,20080,127293,20075,96,20080,95,175518,1.27751e+10
1734935894.5,20080,127293,20075,95,20080,95,175518,1.27751e+10
1734935895.0,20080,127293,20075,95,20080,71,175518,1.27751e+10
1734935895.5,20080,127293,20075,92,20080,71,175518,1.27751e+10
1734935896.0,20080,127293,20075,77,20080,71,175518,1.27751e+10
1734935897.0,20080,127293,20075,77,20080,93,175518,1.27751e+10
1734935897.5,20075,127299,20075,64,20080,93,175517,1.27757e+10
1734935898.0,20075,127306,20075,58,20080,77,175513,1.27764e+10
1734935898.5,20080,127309,20075,58,20080,84,175516,1.27767e+10
1734935899.5,20080,127309,20075,59,20080,84,175516,1.27767e+10
1734935901.5,20080,127309,20075,54,20080,84,175516,1.27767e+10
1734935902.5,20075,127310,20075,53,20080,85,175515,1.27768e+10
1734935903.0,20075,127310,20075,53,20080,185,175515,1.27768e+10
1734935903.5,20075,127361,20070,164,20075,26,175516,1.27819e+10
1734935904.0,20075,127362,20070,171,20075,49,175516,1.2782e+10
1734935904.5,20075,127362,20070,162,20075,62,175516,1.2782e+10
1734935905.0,20075,127362,20070,158,20075,62,175516,1.2782e+10
1734935905.5,20075,127362,20070,158,20075,37,175516,1.2782e+10
1734935906.5,20075,127362,20070,158,20075,37,175516,1.2782e+10
1734935907.0,20075,127362,20070,158,20075,43,175516,1.2782e+10
1734935907.5,20075,127362,20070,158,20075,44,175516,1.2782e+10
1734935908.5,20075,127382,20070,158,20075,25,175525,1.2784e+10
1734935909.0,20075,127382,20070,158,20075,23,175525,1.2784e+10
1734935909.5,20075,127382,20070,158,20075,29,175525,1.2784e+10
1734935910.0,20075,127382,20070,158,20075,51,175525,1.2784e+10
1734935911.0,20075,127382,20070,158,20075,51,175525,1.2784e+10
1734935911.5,20075,127383,20070,159,20075,50,175524,1.27841e+10
1734935912.0,20075,127383,20070,149,20075,50,175524,1.27841e+10
1734935913.0,20075,127383,20070,149,20075,55,175524,1.27841e+10
1734935913.5,20070,127386,20070,120,20075,58,175521,1.27844e+10
1734935914.0,20070,127386,20070,112,20075,68,175521,1.27844e+10
1734935914.5,20075,127388,20070,112,20075,66,175519,1.27846e+10
1734935915.5,20075,127388,20070,112,20075,67,175519,1.27846e+10
1734935916.5,20075,127388,20070,114,20075,67,175519,1.27846e+10
1734935917.0,20075,127388,20070,115,20075,67,175519,1.27846e+10
1734935917.5,20075,127388,20070,115,20075,68,175519,1.27846e+10
1734935918.0,20075,127388,20070,115,20075,69,175519,1.27846e+10
1734935918.5,20070,127423,20070,91,20075,69,175496,1.27881e+10
1734935919.0,20070,127429,20070,86,20075,71,175496,1.27887e+10
1734935919.5,20070,127429,20070,87,20075,72,175496,1.27887e+10
1734935921.0,20070,127430,20070,86,20075,72,175496,1.27888e+10
1734935922.0,20070,127439,20070,77,20075,72,175503,1.27897e+10
1734935922.5,20070,127443,20070,75,20075,72,175506,1.27901e+10
1734935923.0,20070,127443,20070,75,20075,72,175506,1.27901e+10
1734935923.5,20070,127443,20070,78,20075,50,175506,1.27901e+10
1734935924.0,20075,127460,20070,88,20075,33,175491,1.27918e+10
1734935924.5,20075,127482,20070,92,20075,3,175481,1.2794e+10
1734935925.0,20075,127483,20070,104,20075,5,175480,1.27941e+10
1734935925.5,20075,127488,20070,104,20075,10,175479,1.27946e+10
1734935926.0,20075,127489,20070,111,20075,9,175480,1.27947e+10
1734935926.5,20075,127489,20070,107,20075,13,175480,1.27947e+10
1734935927.0,20075,127489,20070,102,20075,21,175480,1.27947e+10
1734935927.5,20075,127489,20070,101,20075,40,175480,1.27947e+10
1734935928.0,20070,127490,20070,99,20075,40,175481,1.27948e+10
1734935928.5,20070,127490,20070,90,20075,66,175481,1.27948e+10
1734935929.0,20070,127490,20070,90,20075,67,175481,1.27948e+10
1734935930.5,20070,127490,20070,90,20075,67,175481,1.27948e+10
1734935931.0,20070,127490,20070,101,20075,78,175481,1.27948e+10
1734935932.0,20070,127496,20070,95,20075,78,175479,1.27954e+10
1734935932.5,20070,127496,20070,95,20075,79,175479,1.27954e+10
1734935933.0,20070,127496,20070,95,20075,63,175479,1.27954e+10
1734935933.5,20070,127497,20070,94,20075,63,175480,1.27955e+10
1734935934.5,20070,127498,20070,93,20075,63,175480,1.27956e+10
1734935935.5,20070,127498,20070,93,20075,63,175480,1.27956e+10
1734935936.5,20070,127498,20070,93,20075,37,175480,1.27956e+10
1734935937.0,20070,127498,20070,93,20075,31,175480,1.27956e+10
1734935938.0,20070,127498,20070,93,20075,31,175480,1.27956e+10
1734935938.5,20070,127498,20070,94,20075,27,175480,1.27956e+10
1734935939.0,20070,127498,20070,94,20075,37,175480,1.27956e+10
1734935939.5,20070,127498,20070,94,20075,43,175480,1.27956e+10
1734935940.0,20070,127498,20070,95,20075,43,175480,1.27956e+10
1734935942.0,20070,127498,20070,95,20075,33,175480,1.27956e+10
1734935942.5,20070,127508,20070,85,20075,27,175490,1.27966e+10
1734935943.0,20075,127509,20070,85,20075,33,175491,1.27967e+10
1734935943.5,20075,127509,20070,85,20075,59,175491,1.27967e+10
1734935944.5,20075,127509,20070,75,20075,59,175491,1.27967e+10
1734935945.0,20075,127509,20070,75,20075,33,175491,1.27967e+10
1734935945.5,20075,127509,20070,76,20075,33,175491,1.27967e+10
1734935946.0,20075,127509,20070,76,20075,27,175491,1.27967e+10
1734935947.0,20075,127510,20070,77,20075,26,175491,1.27968e+10
1734935947.5,20075,127513,20070,86,20075,23,175494,1.27971e+10
1734935948.0,20075,127532,20070,99,20075,4,175491,1.2799e+10
1734935948.5,20075,127536,20075,41,20080,183,175490,1.27994e+10
1734935949.0,20080,127541,20075,60,20080,175,175490,1.27999e+10
1734935949.5,20075,127543,20075,72,20080,163,175490,1.28001e+10
1734935950.0,20075,127543,20075,73,20080,141,175490,1.28001e+10
1734935950.5,20075,127543,20075,70,20080,141,175490,1.28001e+10
1734935951.0,20075,127543,20075,71,20080,140,175490,1.28001e+10
1734935951.5,20075,127543,20075,71,20080,141,175490,1.28001e+10
1734935952.0,20075,127543,20075,70,20080,141,175490,1.28001e+10
1734935952.5,20075,127544,20075,60,20080,141,175490,1.28002e+10
1734935953.0,20075,127544,20075,60,20080,140,175490,1.28002e+10
1734935953.5,20075,127544,20075,51,20080,142,175490,1.28002e+10
1734935954.5,20080,127546,20075,51,20080,140,175490,1.28004e+10
1734935955.0,20080,127546,20075,52,20080,239,175490,1.28004e+10
1734935955.5,20075,127550,20075,50,20080,240,175490,1.28008e+10
1734935956.0,20075,127550,20075,52,20080,239,175490,1.28008e+10
1734935957.0,20075,127550,20075,52,20080,239,175490,1.28008e+10
1734935957.5,20075,127550,20075,52,20080,239,175490,1.28008e+10
1734935958.0,20075,127553,20075,49,20080,140,175490,1.28011e+10
1734935958.5,20075,127553,20075,50,20080,140,175490,1.28011e+10
1734935959.0,20075,127553,20075,50,20080,132,175490,1.28011e+10
1734935959.5,20075,127553,20075,53,20080,133,175490,1.28011e+10
1734935960.0,20075,127555,20075,73,20080,133,175489,1.28013e+10
1734935960.5,20075,127555,20075,75,20080,133,175489,1.28013e+10
1734935961.0,20075,127555,20075,75,20080,133,175489,1.28013e+10
1734935962.0,20075,127555,20075,75,20080,133,175489,1.28013e+10
1734935963.0,20075,127555,20075,75,20080,132,175489,1.28013e+10
1734935967.5,20075,127555,20075,75,20080,132,175489,1.28013e+10
1734935969.5,20075,127555,20075,75,20080,132,175489,1.28013e+10
1734935970.0,20080,127558,20075,75,20080,129,175489,1.28016e+10
1734935970.5,20080,127561,20075,75,20080,126,175489,1.2802e+10
1734935971.0,20080,127564,20075,85,20080,123,175487,1.28023e+10
1734935971.5,20080,127589,20075,85,20080,102,175475,1.28048e+10
1734935972.0,20080,127590,20075,89,20080,98,175475,1.28049e+10
1734935973.0,20080,127590,20075,89,20080,100,175475,1.28049e+10
1734935973.5,20080,127607,20075,97,20080,83,175477,1.28066e+10
1734935974.0,20080,127690,20080,12,20085,84,175557,1.28149e+10
1734935974.5,20085,127714,20080,12,20085,89,175548,1.28173e+10
1734935975.0,20080,127717,20080,5,20085,85,175546,1.28176e+10
1734935975.5,20080,127717,20080,7,20085,85,175546,1.28176e+10
1734935976.0,20080,127717,20080,17,20085,85,175546,1.28176e+10
1734935976.5,20080,127717,20080,46,20085,84,175546,1.28176e+10
1734935977.0,20080,127717,20080,48,20085,79,175546,1.28176e+10
1734935977.5,20080,127717,20080,48,20085,57,175546,1.28176e+10
1734935978.0,20080,127717,20080,62,20085,58,175546,1.28176e+10
1734935978.5,20080,127717,20080,62,20085,48,175546,1.28176e+10
1734935979.0,20080,127722,20080,58,20085,48,175548,1.28181e+10
1734935979.5,20080,127737,20080,43,20085,48,175557,1.28196e+10
1734935980.0,20080,127737,20080,83,20085,48,175557,1.28196e+10
1734935980.5,20080,127737,20080,84,20085,48,175557,1.28196e+10
1734935982.5,20080,127737,20080,84,20085,48,175557,1.28196e+10
1734935983.0,20080,127737,20080,85,20085,48,175557,1.28196e+10
1734935988.0,20080,127737,20080,85,20085,48,175557,1.28196e+10
1734935988.5,20080,127737,20080,86,20085,48,175557,1.28196e+10
1734935989.0,20080,127737,20080,87,20085,48,175557,1.28196e+10
1734935990.5,20080,127740,20080,86,20085,46,175560,1.28199e+10
1734935991.5,20080,127740,20080,85,20085,46,175560,1.28199e+10
1734935992.0,20080,127740,20080,85,20085,46,175560,1.28199e+10
1734935993.5,20080,127740,20080,84,20085,46,175560,1.28199e+10
1734935995.0,20080,127740,20080,84,20085,62,175560,1.28199e+10
1734935997.0,20080,127740,20080,83,20085,62,175560,1.28199e+10
1734935997.5,20080,127743,20080,80,20085,62,175557,1.28202e+10
1734935998.5,20080,127745,20080,39,20085,62,175557,1.28204e+10
1734935999.0,20080,127745,20080,23,20085,84,175557,1.28204e+10
1734935999.5,20080,127745,20080,18,20085,88,175557,1.28204e+10
1734936000.0,20080,127760,20080,10,20085,94,175552,1.28219e+10
1734936000.5,20080,127760,20080,4,20085,95,175552,1.28219e+10
1734936001.0,20080,127760,20080,3,20085,95,175552,1.28219e+10
1734936001.5,20080,127760,20080,4,20085,95,175552,1.28219e+10
1734936002.0,20080,127764,20075,121,20085,96,175548,1.28223e+10
1734936002.5,20080,127775,20075,129,20080,34,175546,1.28234e+10
1734936003.0,20080,127782,20075,127,20080,38,175544,1.28241e+10
1734936003.5,20080,127811,20075,127,20080,3,175540,1.28271e+10
1734936004.0,20080,127827,20080,28,20085,84,175533,1.28287e+10
1734936004.5,20080,127828,20080,60,20085,79,175534,1.28288e+10
1734936005.0,20080,127828,20080,63,20085,56,175534,1.28288e+10
1734936005.5,20080,127829,20080,62,20085,56,175534,1.28289e+10
1734936006.0,20080,127829,20080,62,20085,57,175534,1.28289e+10
1734936006.5,20080,127844,20080,48,20085,57,175538,1.28304e+10
1734936007.0,20080,127844,20080,29,20085,57,175538,1.28304e+10
1734936007.5,20080,127844,20080,29,20085,58,175538,1.28304e+10
1734936008.0,20080,127859,20080,14,20085,80,175539,1.28319e+10
1734936008.5,20080,127873,20075,129,20080,5,175527,1.28333e+10
1734936009.0,20080,127877,20075,130,20080,6,175528,1.28337e+10
1734936009.5,20080,127878,20075,120,20080,11,175527,1.28338e+10
1734936010.0,20080,127878,20075,120,20080,24,175527,1.28338e+10
1734936010.5,20075,127888,20075,116,20080,19,175528,1.28348e+10
1734936011.0,20080,127902,20075,125,20080,5,175526,1.28362e+10
1734936011.5,20080,127907,20080,20,20085,90,175529,1.28367e+10
1734936012.0,20080,127907,20080,39,20085,86,175529,1.28367e+10
1734936012.5,20085,127908,20080,46,20085,85,175530,1.28368e+10
1734936013.0,20085,127908,20080,49,20085,81,175530,1.28368e+10
1734936013.5,20085,127908,20080,50,20085,81,175530,1.28368e+10
1734936014.0,20085,127916,20080,51,20085,74,175530,1.28376e+10
1734936014.5,20085,127921,20080,54,20085,43,175530,1.28381e+10
1734936015.0,20085,127921,20080,56,20085,56,175530,1.28381e+10
1734936015.5,20085,127922,20080,56,20085,55,175530,1.28382e+10
1734936016.5,20085,127922,20080,49,20085,55,175530,1.28382e+10
1734936017.5,20085,127922,20080,49,20085,33,175530,1.28382e+10
1734936018.0,20085,127922,20080,49,20085,39,175530,1.28382e+10
1734936018.5,20085,127923,20080,49,20085,44,175530,1.28383e+10
1734936019.0,20085,127923,20080,48,20085,39,175530,1.28383e+10
1734936020.0,20080,127931,20080,40,20085,39,175532,1.28391e+10
1734936020.5,20080,127931,20080,75,20085,55,175532,1.28391e+10
1734936021.0,20080,127931,20080,76,20085,44,175532,1.28391e+10
1734936021.5,20080,127931,20080,76,20085,39,175532,1.28391e+10
1734936022.0,20085,127932,20080,77,20085,38,175531,1.28392e+10
1734936023.0,20085,127932,20080,77,20085,38,175531,1.28392e+10
1734936023.5,20085,127933,20080,76,20085,53,175532,1.28393e+10
1734936024.0,20085,127934,20080,76,20085,52,175531,1.28394e+10
1734936024.5,20085,127935,20080,76,20085,52,175532,1.28395e+10
1734936026.0,20085,127935,20080,76,20085,52,175532,1.28395e+10
1734936028.0,20085,127935,20080,76,20085,77,175532,1.28395e+10
1734936029.0,20085,127935,20080,42,20085,77,175532,1.28395e+10
1734936029.5,20085,127935,20080,36,20085,77,175532,1.28395e+10
1734936030.0,20085,127935,20080,36,20085,78,175532,1.28395e+10
1734936031.0,20080,127942,20080,29,20085,78,175534,1.28402e+10
1734936032.0,20080,127942,20080,29,20085,79,175534,1.28402e+10
1734936032.5,20080,127942,20080,29,20085,78,175534,1.28402e+10
1734936033.0,20080,127942,20080,56,20085,78,175534,1.28402e+10
1734936034.0,20085,127943,20080,56,20085,77,175534,1.28403e+10
1734936034.5,20085,127943,20080,57,20085,55,175534,1.28403e+10
1734936035.0,20085,127943,20080,57,20085,51,175534,1.28403e+10
1734936035.5,20085,127943,20080,58,20085,51,175534,1.28403e+10
1734936036.0,20085,127943,20080,70,20085,51,175534,1.28403e+10
1734936036.5,20085,127943,20080,70,20085,39,175534,1.28403e+10
1734936037.0,20085,127953,20080,70,20085,29,175531,1.28413e+10
1734936038.5,20085,127953,20080,75,20085,29,175531,1.28413e+10
1734936039.5,20085,127953,20080,75,20085,26,175531,1.28413e+10
1734936040.0,20080,127959,20080,70,20085,26,175531,1.28419e+10
1734936040.5,20080,127959,20080,71,20085,26,175531,1.28419e+10
1734936041.5,20085,127961,20080,78,20085,24,175530,1.28421e+10
1734936042.0,20085,127979,20080,92,20090,119,175527,1.28439e+10
1734936042.5,20085,127980,20085,38,20090,116,175527,1.2844e+10
1734936043.0,20090,127981,20085,32,20090,113,175527,1.28441e+10
1734936043.5,20090,127981,20085,32,20090,110,175527,1.28441e+10
1734936044.0,20090,127981,20085,34,20090,111,175527,1.28441e+10
1734936044.5,20090,127981,20085,34,20090,111,175527,1.28441e+10
1734936045.0,20090,127981,20085,34,20090,110,175527,1.28441e+10
1734936045.5,20090,127981,20085,34,20090,110,175527,1.28441e+10
1734936046.0,20090,127982,20085,46,20090,109,175526,1.28442e+10
1734936046.5,20085,127992,20085,43,20090,109,175525,1.28452e+10
1734936047.0,20085,127992,20085,43,20090,110,175525,1.28452e+10
1734936047.5,20085,127993,20085,42,20090,110,175525,1.28453e+10
1734936049.0,20085,128000,20085,35,20090,110,175532,1.2846e+10
1734936049.5,20085,128001,20085,34,20090,110,175533,1.28461e+10
1734936050.0,20085,128001,20085,34,20090,110,175533,1.28461e+10
1734936050.5,20085,128001,20085,36,20090,110,175533,1.28461e+10
1734936051.0,20085,128001,20085,42,20090,111,175533,1.28461e+10
1734936051.5,20085,128001,20085,52,20090,111,175533,1.28461e+10
1734936052.0,20085,128001,20085,54,20090,110,175533,1.28461e+10
1734936055.0,20085,128001,20085,54,20090,110,175533,1.28461e+10
1734936055.5,20085,128001,20085,48,20090,106,175533,1.28461e+10
1734936056.0,20085,128001,20085,49,20090,106,175533,1.28461e+10
1734936056.5,20085,128001,20085,49,20090,106,175533,1.28461e+10
1734936057.5,20085,128001,20085,52,20090,106,175533,1.28461e+10
1734936058.0,20085,128001,20085,52,20090,98,175533,1.28461e+10
1734936058.5,20085,128005,20085,48,20090,61,175537,1.28465e+10
1734936059.0,20085,128005,20085,58,20090,39,175537,1.28465e+10
1734936060.0,20085,128005,20085,58,20090,39,175537,1.28465e+10
1734936060.5,20085,128005,20085,59,20090,73,175537,1.28465e+10
1734936061.0,20085,128005,20085,59,20090,73,175537,1.28465e+10
1734936062.5,20085,128005,20085,64,20090,73,175537,1.28465e+10
1734936063.0,20085,128005,20085,64,20090,61,175537,1.28465e+10
1734936063.5,20085,128005,20085,64,20090,39,175537,1.28465e+10
1734936064.0,20085,128005,20085,64,20090,33,175537,1.28465e+10
1734936066.0,20085,128005,20085,64,20090,67,175537,1.28465e+10
1734936066.5,20085,128005,20085,59,20090,67,175537,1.28465e+10
1734936067.0,20085,128006,20085,58,20090,69,175537,1.28466e+10
1734936067.5,20090,128011,20085,58,20090,67,175537,1.28471e+10
1734936068.0,20090,128011,20085,58,20090,68,175537,1.28471e+10
1734936068.5,20090,128011,20085,58,20090,69,175537,1.28471e+10
1734936069.0,20090,128016,20085,58,20090,64,175533,1.28476e+10
1734936069.5,20090,128016,20085,58,20090,65,175533,1.28476e+10
1734936070.0,20090,128016,20085,58,20090,65,175533,1.28476e+10
1734936070.5,20090,128016,20085,58,20090,69,175533,1.28476e+10
1734936071.0,20090,128016,20085,59,20090,69,175533,1.28476e+10
1734936073.0,20090,128016,20085,59,20090,70,175533,1.28476e+10
1734936073.5,20090,128016,20085,59,20090,71,175533,1.28476e+10
1734936074.0,20085,128017,20085,58,20090,71,175532,1.28477e+10
1734936075.0,20085,128017,20085,59,20090,71,175532,1.28477e+10
1734936075.5,20085,128017,20085,59,20090,71,175532,1.28477e+10
1734936076.0,20085,128017,20085,59,20090,64,175532,1.28477e+10
1734936076.5,20085,128017,20085,59,20090,59,175532,1.28477e+10
1734936077.0,20085,128018,20085,58,20090,59,175532,1.28478e+10
1734936077.5,20085,128018,20085,58,20090,59,175532,1.28478e+10
1734936081.0,20085,128018,20085,58,20090,61,175532,1.28478e+10
1734936082.0,20090,128020,20085,60,20090,59,175533,1.2848e+10
1734936083.5,20085,128023,20085,57,20090,59,175531,1.28483e+10
1734936084.0,20085,128023,20085,59,20090,59,175531,1.28483e+10
1734936085.0,20085,128023,20085,59,20090,59,175531,1.28483e+10
1734936086.0,20085,128023,20085,59,20090,59,175531,1.28483e+10
1734936090.0,20085,128023,20085,59,20090,59,175531,1.28483e+10
1734936090.5,20085,128023,20085,59,20090,59,175531,1.28483e+10
1734936091.0,20085,128023,20085,59,20090,60,175531,1.28483e+10
1734936091.5,20085,128023,20085,59,20090,61,175531,1.28483e+10
1734936092.5,20085,128025,20085,57,20090,61,175530,1.28485e+10
1734936093.0,20085,128025,20085,57,20090,61,175530,1.28485e+10
1734936094.5,20085,128025,20085,57,20090,61,175530,1.28485e+10
1734936095.0,20085,128025,20085,58,20090,61,175530,1.28485e+10
1734936096.0,20085,128025,20085,58,20090,61,175530,1.28485e+10
1734936098.0,20085,128025,20085,58,20090,61,175530,1.28485e+10
1734936099.5,20090,128027,20085,58,20090,59,175530,1.28487e+10
1734936100.0,20090,128027,20085,59,20090,59,175530,1.28487e+10
1734936103.0,20090,128027,20085,59,20090,60,175530,1.28487e+10
1734936104.5,20090,128028,20085,59,20090,59,175530,1.28488e+10
1734936105.0,20090,128028,20085,59,20090,60,175530,1.28488e+10
1734936105.5,20090,128028,20085,59,20090,59,175530,1.28488e+10
1734936106.0,20090,128028,20085,59,20090,37,175530,1.28488e+10
1734936106.5,20090,128028,20085,59,20090,41,175530,1.28488e+10
1734936107.5,20090,128028,20085,59,20090,41,175530,1.28488e+10
1734936109.0,20090,128028,20085,59,20090,41,175530,1.28488e+10
1734936110.5,20090,128028,20085,59,20090,77,175530,1.28488e+10
1734936111.0,20090,128028,20085,56,20090,82,175530,1.28488e+10
1734936111.5,20090,128029,20085,62,20090,81,175530,1.28489e+10
1734936112.0,20090,128030,20085,62,20090,80,175531,1.2849e+10
1734936112.5,20090,128030,20085,63,20090,80,175531,1.2849e+10
1734936113.0,20090,128030,20085,63,20090,80,175531,1.2849e+10
1734936113.5,20090,128030,20085,63,20090,81,175531,1.2849e+10
1734936114.0,20090,128030,20085,63,20090,81,175531,1.2849e+10
1734936114.5,20090,128030,20085,63,20090,59,175531,1.2849e+10
1734936115.5,20090,128032,20085,63,20090,45,175529,1.28492e+10
1734936116.0,20090,128032,20085,66,20090,45,175529,1.28492e+10
1734936117.0,20090,128032,20085,67,20090,45,175529,1.28492e+10
1734936117.5,20085,128034,20085,65,20090,45,175528,1.28494e+10
1734936118.0,20085,128034,20085,66,20090,45,175528,1.28494e+10
1734936118.5,20085,128034,20085,67,20090,45,175528,1.28494e+10
1734936119.0,20085,128034,20085,68,20090,45,175528,1.28494e+10
1734936119.5,20085,128034,20085,71,20090,45,175528,1.28494e+10
1734936122.0,20085,128034,20085,71,20090,45,175528,1.28494e+10
1734936122.5,20085,128035,20085,70,20090,47,175529,1.28495e+10
1734936123.0,20085,128035,20085,70,20090,49,175529,1.28495e+10
1734936123.5,20085,128035,20085,67,20090,72,175529,1.28495e+10
1734936124.0,20085,128035,20085,68,20090,72,175529,1.28495e+10
1734936124.5,20085,128035,20085,68,20090,73,175529,1.28495e+10
1734936125.5,20085,128035,20085,68,20090,73,175529,1.28495e+10
1734936126.0,20085,128035,20085,62,20090,74,175529,1.28495e+10
1734936126.5,20085,128035,20085,62,20090,74,175529,1.28495e+10
1734936127.0,20085,128035,20085,56,20090,74,175529,1.28495e+10
1734936127.5,20085,128037,20085,55,20090,74,175531,1.28497e+10
1734936128.0,20085,128037,20085,56,20090,73,175531,1.28497e+10
1734936128.5,20090,128038,20085,53,20090,72,175531,1.28498e+10
1734936130.5,20090,128038,20085,53,20090,72,175531,1.28498e+10
1734936131.0,20085,128039,20085,52,20090,72,175531,1.28499e+10
1734936131.5,20085,128039,20085,52,20090,73,175531,1.28499e+10
1734936132.0,20085,128039,20085,55,20090,73,175531,1.28499e+10
1734936132.5,20085,128039,20085,58,20090,51,175531,1.28499e+10
1734936133.0,20085,128039,20085,59,20090,48,175531,1.28499e+10
1734936133.5,20090,128045,20085,59,20090,42,175528,1.28505e+10
1734936135.5,20090,128045,20085,61,20090,42,175528,1.28505e+10
1734936136.5,20090,128046,20085,90,20090,41,175529,1.28506e+10
1734936137.0,20090,128047,20085,92,20090,33,175530,1.28507e+10
1734936137.5,20085,128051,20085,88,20090,32,175534,1.28512e+10
1734936138.0,20090,128058,20085,88,20090,31,175533,1.28519e+10
1734936138.5,20090,128058,20085,90,20090,31,175533,1.28519e+10
1734936139.0,20090,128058,20085,91,20090,31,175533,1.28519e+10
1734936139.5,20090,128059,20085,98,20090,30,175534,1.2852e+10
1734936140.0,20090,128060,20085,91,20090,23,175534,1.28521e+10
1734936140.5,20090,128060,20085,93,20090,29,175534,1.28521e+10
1734936141.0,20090,128060,20085,93,20090,33,175534,1.28521e+10
1734936141.5,20090,128061,20085,100,20090,33,175534,1.28522e+10
1734936142.0,20090,128061,20085,93,20090,22,175534,1.28522e+10
1734936142.5,20090,128061,20085,101,20090,22,175534,1.28522e+10
1734936143.0,20090,128062,20085,92,20090,21,175534,1.28523e+10
1734936143.5,20090,128062,20085,99,20090,25,175534,1.28523e+10
1734936144.0,20090,128062,20085,92,20090,25,175534,1.28523e+10
1734936144.5,20090,128062,20085,92,20090,32,175534,1.28523e+10
1734936145.0,20090,128062,20085,94,20090,33,175534,1.28523e+10
1734936146.0,20090,128063,20085,97,20090,32,175534,1.28524e+10
1734936146.5,20090,128063,20085,97,20090,21,175534,1.28524e+10
1734936147.0,20090,128063,20085,104,20090,21,175534,1.28524e+10
1734936147.5,20090,128084,20085,104,20095,196,175536,1.28545e+10
1734936148.0,20090,128094,20090,4,20095,196,175536,1.28555e+10
1734936148.5,20095,128101,20090,15,20095,193,175536,1.28562e+10
1734936149.0,20095,128101,20090,23,20095,193,175536,1.28562e+10
1734936149.5,20090,128111,20090,14,20095,192,175540,1.28572e+10
1734936150.0,20090,128111,20090,16,20095,192,175540,1.28572e+10
1734936150.5,20090,128111,20090,17,20095,191,175540,1.28572e+10
1734936151.0,20090,128112,20090,19,20095,191,175540,1.28573e+10
1734936151.5,20090,128112,20090,19,20095,191,175540,1.28573e+10
1734936152.0,20090,128112,20090,26,20095,187,175540,1.28573e+10
1734936152.5,20090,128112,20090,33,20095,187,175540,1.28573e+10
1734936153.0,20090,128112,20090,27,20095,187,175540,1.28573e+10
1734936153.5,20090,128112,20090,20,20095,185,175540,1.28573e+10
1734936154.0,20090,128113,20090,19,20095,185,175540,1.28574e+10
1734936154.5,20090,128113,20090,19,20095,185,175540,1.28574e+10
1734936155.0,20090,128113,20090,25,20095,185,175540,1.28574e+10
1734936155.5,20090,128113,20090,76,20095,185,175540,1.28574e+10
1734936156.0,20090,128113,20090,100,20095,171,175540,1.28574e+10
1734936156.5,20090,128113,20090,102,20095,116,175540,1.28574e+10
1734936157.0,20090,128113,20090,102,20095,101,175540,1.28574e+10
1734936157.5,20090,128113,20090,102,20095,88,175540,1.28574e+10
1734936158.0,20090,128116,20090,98,20095,85,175540,1.28577e+10
1734936158.5,20090,128116,20090,98,20095,84,175540,1.28577e+10
1734936159.0,20090,128116,20090,98,20095,84,175540,1.28577e+10
1734936159.5,20090,128116,20090,99,20095,84,175540,1.28577e+10
1734936160.5,20090,128116,20090,99,20095,82,175540,1.28577e+10
1734936162.0,20090,128116,20090,100,20095,82,175540,1.28577e+10
1734936163.0,20090,128116,20090,101,20095,82,175540,1.28577e+10
1734936163.5,20090,128116,20090,101,20095,82,175540,1.28577e+10
1734936164.0,20090,128121,20090,98,20095,82,175544,1.28582e+10
1734936164.5,20090,128121,20090,101,20095,82,175544,1.28582e+10
1734936165.0,20090,128121,20090,100,20095,82,175544,1.28582e+10
1734936165.5,20095,128122,20090,100,20095,81,175544,1.28583e+10
1734936166.0,20095,128122,20090,100,20095,81,175544,1.28583e+10
1734936167.0,20095,128130,20090,107,20095,73,175544,1.28591e+10
1734936167.5,20095,128130,20090,107,20095,73,175544,1.28591e+10
1734936168.0,20095,128130,20090,105,20095,73,175544,1.28591e+10
1734936169.0,20095,128132,20090,105,20095,71,175546,1.28593e+10
1734936170.0,20090,128133,20090,104,20095,71,175546,1.28594e+10
1734936170.5,20095,128135,20090,104,20095,69,175546,1.28596e+10
1734936171.0,20095,128137,20090,105,20095,67,175546,1.28598e+10
1734936171.5,20095,128137,20090,105,20095,68,175546,1.28598e+10
1734936172.5,20095,128137,20090,106,20095,68,175546,1.28598e+10
1734936173.0,20095,128137,20090,106,20095,69,175546,1.28598e+10
1734936173.5,20095,128137,20090,106,20095,69,175546,1.28598e+10
1734936174.0,20095,128140,20090,103,20095,67,175547,1.28601e+10
1734936174.5,20095,128140,20090,103,20095,68,175547,1.28601e+10
1734936175.0,20095,128140,20090,103,20095,74,175547,1.28601e+10
1734936176.0,20095,128140,20090,103,20095,85,175547,1.28601e+10
1734936176.5,20095,128140,20090,96,20095,85,175547,1.28601e+10
1734936177.5,20095,128140,20090,96,20095,85,175547,1.28601e+10
1734936178.0,20095,128140,20090,96,20095,85,175547,1.28601e+10
1734936179.5,20090,128142,20090,94,20095,85,175547,1.28603e+10
1734936180.5,20090,128142,20090,94,20095,85,175547,1.28603e+10
1734936181.0,20090,128142,20090,96,20095,85,175547,1.28603e+10
1734936181.5,20090,128142,20090,96,20095,86,175547,1.28603e+10
1734936182.0,20090,128142,20090,96,20095,86,175547,1.28603e+10
1734936183.0,20090,128142,20090,99,20095,87,175547,1.28603e+10
1734936183.5,20090,128142,20090,99,20095,90,175547,1.28603e+10
1734936184.0,20090,128142,20090,100,20095,90,175547,1.28603e+10
1734936186.0,20090,128142,20090,100,20095,90,175547,1.28603e+10
1734936187.0,20090,128142,20090,74,20095,90,175547,1.28603e+10
1734936187.5,20095,128143,20090,74,20095,89,175547,1.28604e+10
1734936188.5,20095,128143,20090,74,20095,89,175547,1.28604e+10
1734936190.0,20095,128143,20090,74,20095,89,175547,1.28604e+10
1734936191.0,20095,128143,20090,74,20095,90,175547,1.28604e+10
1734936191.5,20095,128145,20090,74,20095,89,175547,1.28606e+10
1734936192.0,20095,128146,20090,79,20095,88,175548,1.28607e+10
1734936192.5,20090,128236,20090,73,20095,11,175594,1.28697e+10
1734936193.0,20095,128254,20090,122,20095,5,175584,1.28715e+10
1734936193.5,20090,128473,20085,93,20090,141,175692,1.28935e+10
1734936194.0,20090,128520,20085,125,20090,96,175701,1.28983e+10
1734936194.5,20090,128616,20090,41,20095,50,175767,1.29079e+10
1734936195.0,20095,128619,20090,59,20095,66,175767,1.29082e+10
1734936195.5,20095,128620,20090,54,20095,69,175767,1.29083e+10
1734936196.0,20095,128620,20090,48,20095,73,175767,1.29083e+10
1734936196.5,20090,128621,20090,39,20095,77,175768,1.29084e+10
1734936197.0,20090,128659,20085,94,20090,1,175734,1.29122e+10
1734936197.5,20090,128663,20085,96,20090,6,175732,1.29126e+10
1734936198.0,20090,128665,20085,94,20095,86,175731,1.29128e+10
1734936198.5,20090,128669,20090,1,20095,100,175729,1.29132e+10
1734936199.0,20090,128676,20085,86,20090,6,175729,1.29139e+10
1734936199.5,20090,128684,20085,87,20095,97,175729,1.29147e+10
1734936200.0,20090,128685,20090,3,20095,88,175730,1.29148e+10
1734936200.5,20090,128685,20090,5,20095,87,175730,1.29148e+10
1734936201.5,20090,128685,20090,8,20095,87,175730,1.29148e+10
1734936202.0,20095,128686,20090,7,20095,86,175729,1.29149e+10
1734936202.5,20095,128686,20090,8,20095,86,175729,1.29149e+10
1734936203.0,20090,128687,20090,6,20095,87,175728,1.2915e+10
1734936203.5,20095,128689,20090,6,20095,85,175726,1.29152e+10
1734936204.0,20095,128689,20090,7,20095,87,175726,1.29152e+10
1734936204.5,20095,128689,20090,11,20095,87,175726,1.29152e+10
1734936206.0,20095,128689,20090,11,20095,87,175726,1.29152e+10
1734936206.5,20090,128690,20090,11,20095,87,175726,1.29153e+10
1734936207.0,20090,128690,20090,13,20095,87,175726,1.29153e+10
1734936207.5,20090,128690,20090,12,20095,87,175726,1.29153e+10
1734936208.0,20090,128690,20090,12,20095,88,175726,1.29153e+10
1734936209.0,20090,128690,20090,12,20095,88,175726,1.29153e+10
1734936210.5,20090,128690,20090,29,20095,86,175726,1.29153e+10
1734936211.0,20090,128696,20090,22,20095,82,175729,1.29159e+10
1734936211.5,20090,128712,20090,8,20095,83,175729,1.29176e+10
1734936212.0,20090,128715,20090,6,20095,83,175729,1.29179e+10
1734936212.5,20090,128716,20090,6,20095,83,175728,1.2918e+10
1734936213.0,20090,128716,20090,6,20095,84,175728,1.2918e+10
1734936213.5,20090,128716,20090,6,20095,85,175728,1.2918e+10
1734936214.0,20090,128716,20090,6,20095,85,175728,1.2918e+10
1734936214.5,20090,128716,20090,9,20095,86,175728,1.2918e+10
1734936215.0,20090,128716,20090,9,20095,86,175728,1.2918e+10
1734936215.5,20095,128717,20090,12,20095,86,175727,1.29181e+10
1734936216.0,20095,128717,20090,14,20095,85,175727,1.29181e+10
1734936216.5,20095,128718,20090,15,20095,84,175727,1.29182e+10
1734936217.0,20090,128719,20090,15,20095,84,175727,1.29183e+10
1734936217.5,20090,128719,20090,14,20095,86,175727,1.29183e+10
1734936218.0,20095,128735,20090,11,20095,70,175712,1.29199e+10
1734936218.5,20095,128735,20090,34,20095,73,175712,1.29199e+10
1734936219.0,20095,128735,20090,49,20095,72,175712,1.29199e+10
1734936219.5,20095,128735,20090,49,20095,71,175712,1.29199e+10
1734936220.0,20095,128735,20090,49,20095,61,175712,1.29199e+10
1734936221.0,20095,128739,20090,56,20095,60,175714,1.29203e+10
1734936221.5,20095,128739,20090,57,20095,60,175714,1.29203e+10
1734936222.5,20095,128740,20090,57,20095,59,175714,1.29204e+10
1734936223.0,20095,128740,20090,57,20095,60,175714,1.29204e+10
1734936223.5,20095,128741,20090,61,20095,57,175714,1.29205e+10
1734936224.0,20095,128742,20090,62,20095,55,175714,1.29206e+10
1734936224.5,20095,128743,20090,68,20095,54,175714,1.29207e+10
1734936225.0,20095,128745,20090,68,20095,48,175713,1.29209e+10
1734936225.5,20095,128746,20090,68,20095,48,175714,1.2921e+10
1734936226.0,20095,128747,20090,69,20095,48,175715,1.29211e+10
1734936226.5,20095,128748,20090,70,20095,47,175715,1.29212e+10
1734936227.0,20095,128749,20090,70,20095,46,175715,1.29213e+10
1734936227.5,20095,128749,20090,70,20095,46,175715,1.29213e+10
1734936228.0,20095,128750,20090,70,20095,45,175715,1.29214e+10
1734936228.5,20095,128751,20090,80,20095,44,175715,1.29215e+10
1734936229.0,20095,128752,20090,75,20095,48,175715,1.29216e+10
1734936229.5,20090,128753,20090,76,20095,49,175715,1.29217e+10
1734936230.5,20095,128754,20090,81,20095,48,175715,1.29218e+10
1734936231.0,20095,128754,20090,76,20095,52,175715,1.29218e+10
1734936231.5,20095,128754,20090,76,20095,56,175715,1.29218e+10
1734936232.0,20095,128756,20090,81,20095,54,175715,1.2922e+10
1734936232.5,20095,128756,20090,76,20095,54,175715,1.2922e+10
1734936233.0,20095,128756,20090,81,20095,54,175715,1.2922e+10
1734936233.5,20095,128757,20090,81,20095,53,175715,1.29221e+10
1734936234.0,20095,128758,20090,81,20095,57,175715,1.29222e+10
1734936234.5,20095,128758,20090,76,20095,57,175715,1.29222e+10
1734936235.0,20095,128758,20090,81,20095,64,175715,1.29222e+10
1734936235.5,20095,128759,20090,81,20095,63,175715,1.29223e+10
1734936236.0,20095,128761,20090,85,20095,62,175715,1.29225e+10
1734936236.5,20095,128761,20090,85,20095,62,175715,1.29225e+10
1734936237.0,20095,128762,20090,85,20095,61,175715,1.29226e+10
1734936237.5,20090,128765,20090,83,20095,60,175715,1.29229e+10
1734936238.0,20095,128766,20090,78,20095,64,175715,1.2923e+10
1734936238.5,20095,128766,20090,71,20095,64,175715,1.2923e+10
1734936239.0,20095,128766,20090,66,20095,64,175715,1.2923e+10
1734936239.5,20095,128766,20090,63,20095,64,175715,1.2923e+10
1734936240.0,20095,128766,20090,56,20095,64,175715,1.2923e+10
1734936240.5,20095,128766,20090,56,20095,64,175715,1.2923e+10
1734936241.0,20090,128767,20090,55,20095,67,175715,1.29231e+10
1734936241.5,20090,128767,20090,51,20095,72,175715,1.29231e+10
1734936242.0,20090,128767,20090,45,20095,77,175715,1.29231e+10
1734936242.5,20090,128816,20085,84,20095,77,175696,1.2928e+10
1734936243.0,20090,128817,20085,86,20090,19,175697,1.29281e+10
1734936243.5,20090,128820,20085,83,20090,17,175698,1.29284e+10
1734936244.0,20090,128821,20085,83,20090,17,175699,1.29285e+10
1734936244.5,20090,128822,20085,61,20090,27,175700,1.29286e+10
1734936245.0,20090,128823,20085,58,20090,26,175701,1.29287e+10
1734936245.5,20090,128824,20085,60,20090,25,175702,1.29288e+10
1734936246.0,20090,128825,20085,60,20090,25,175703,1.29289e+10
1734936246.5,20090,128826,20085,65,20090,24,175704,1.2929e+10
1734936247.0,20090,128836,20085,64,20090,16,175696,1.293e+10
1734936247.5,20090,128837,20085,65,20090,15,175696,1.29301e+10
1734936248.0,20090,128838,20085,65,20090,14,175696,1.29302e+10
1734936248.5,20090,128853,20090,11,20095,99,175700,1.29317e+10
1734936249.0,20090,128862,20090,9,20095,105,175709,1.29326e+10
1734936249.5,20095,128863,20090,7,20095,104,175709,1.29327e+10
1734936250.0,20095,128863,20090,17,20095,104,175709,1.29327e+10
1734936250.5,20095,128863,20090,22,20095,104,175709,1.29327e+10
1734936251.0,20095,128863,20090,23,20095,103,175709,1.29327e+10
1734936251.5,20095,128863,20090,28,20095,99,175709,1.29327e+10
1734936252.0,20090,128864,20090,30,20095,98,175710,1.29328e+10
1734936252.5,20090,128865,20090,35,20095,98,175710,1.29329e+10
1734936253.0,20090,128865,20090,70,20095,95,175710,1.29329e+10
1734936253.5,20090,128866,20090,70,20095,86,175710,1.2933e+10
1734936254.0,20095,128868,20090,70,20095,84,175708,1.29332e+10
1734936255.0,20095,128868,20090,72,20095,73,175708,1.29332e+10
1734936255.5,20095,128868,20090,74,20095,65,175708,1.29332e+10
1734936256.0,20095,128873,20090,73,20095,61,175705,1.29337e+10
1734936256.5,20095,128873,20090,74,20095,61,175705,1.29337e+10
1734936257.0,20095,128873,20090,48,20095,66,175705,1.29337e+10
1734936257.5,20090,128874,20090,47,20095,66,175704,1.29338e+10
1734936258.0,20095,128877,20090,67,20095,63,175706,1.29341e+10
1734936258.5,20095,128877,20090,77,20095,63,175706,1.29341e+10
1734936260.5,20090,128880,20090,77,20095,63,175705,1.29344e+10
1734936261.0,20090,128880,20090,79,20095,63,175705,1.29344e+10
1734936261.5,20095,128883,20090,79,20095,60,175705,1.29347e+10
1734936262.5,20095,128884,20090,79,20095,59,175705,1.29348e+10
1734936263.0,20090,128885,20090,80,20095,59,175706,1.29349e+10
1734936263.5,20090,128885,20090,96,20095,59,175706,1.29349e+10
1734936264.0,20090,128885,20090,96,20095,48,175706,1.29349e+10
1734936266.0,20095,128886,20090,91,20095,48,175705,1.2935e+10
1734936270.5,20095,128886,20090,91,20095,48,175705,1.2935e+10
1734936271.0,20095,128886,20090,91,20095,89,175705,1.2935e+10
1734936271.5,20095,128886,20090,91,20095,99,175705,1.2935e+10
1734936272.5,20095,128886,20090,91,20095,100,175705,1.2935e+10
1734936273.5,20095,128886,20090,91,20095,100,175705,1.2935e+10
1734936274.0,20090,128889,20090,69,20095,100,175708,1.29353e+10
1734936274.5,20090,128889,20090,63,20095,100,175708,1.29353e+10
1734936275.0,20090,128889,20090,63,20095,100,175708,1.29353e+10
1734936275.5,20090,128889,20090,63,20095,100,175708,1.29353e+10
1734936276.0,20090,128889,20090,63,20095,100,175708,1.29353e+10
1734936276.5,20090,128889,20090,63,20095,100,175708,1.29353e+10
1734936278.5,20095,128890,20090,63,20095,99,175708,1.29354e+10
1734936279.5,20095,128890,20090,64,20095,100,175708,1.29354e+10
1734936280.0,20095,128891,20090,64,20095,99,175708,1.29355e+10
1734936280.5,20095,128891,20090,64,20095,100,175708,1.29355e+10
1734936281.0,20090,128894,20090,61,20095,100,175711,1.29358e+10
1734936281.5,20095,128895,20090,65,20095,98,175710,1.29359e+10
1734936282.0,20095,128895,20090,77,20095,89,175710,1.29359e+10
1734936282.5,20095,128895,20090,82,20095,89,175710,1.29359e+10
1734936283.5,20095,128915,20090,82,20095,69,175691,1.29379e+10
1734936284.0,20095,128922,20090,82,20095,57,175688,1.29386e+10
1734936284.5,20090,128924,20090,80,20095,58,175688,1.29389e+10
1734936285.0,20090,128924,20090,82,20095,80,175688,1.29389e+10
1734936285.5,20090,128924,20090,82,20095,81,175688,1.29389e+10
1734936286.0,20095,128929,20090,82,20095,55,175683,1.29394e+10
1734936287.0,20095,128930,20090,82,20095,54,175682,1.29395e+10
1734936288.0,20090,128936,20090,76,20095,54,175676,1.29401e+10
1734936288.5,20090,128936,20090,76,20095,54,175676,1.29401e+10
1734936289.0,20090,128936,20090,81,20095,54,175676,1.29401e+10
1734936289.5,20090,128936,20090,80,20095,54,175676,1.29401e+10
1734936290.5,20090,128936,20090,100,20095,54,175676,1.29401e+10
1734936291.0,20090,128936,20090,100,20095,54,175676,1.29401e+10
1734936293.5,20090,128937,20090,99,20095,54,175677,1.29402e+10
1734936294.0,20095,128938,20090,99,20095,53,175678,1.29403e+10
1734936295.0,20095,128938,20090,119,20095,53,175678,1.29403e+10
1734936295.5,20095,128938,20090,119,20095,52,175678,1.29403e+10
1734936296.0,20095,128938,20090,119,20095,53,175678,1.29403e+10
1734936296.5,20095,128938,20090,119,20095,54,175678,1.29403e+10
1734936297.5,20095,128938,20090,119,20095,54,175678,1.29403e+10
1734936298.5,20095,128938,20090,119,20095,54,175678,1.29403e+10
1734936299.5,20095,128938,20090,119,20095,54,175678,1.29403e+10
1734936300.0,20090,128946,20090,111,20095,54,175680,1.29411e+10
1734936300.5,20090,128946,20090,113,20095,54,175680,1.29411e+10
1734936301.0,20090,128946,20090,108,20095,54,175680,1.29411e+10
1734936302.0,20095,128947,20090,108,20095,55,175681,1.29412e+10
1734936302.5,20090,128953,20090,110,20095,50,175683,1.29418e+10
1734936303.0,20095,128954,20090,110,20095,49,175684,1.29419e+10
1734936303.5,20095,128954,20090,110,20095,49,175684,1.29419e+10
1734936304.0,20095,128954,20090,110,20095,49,175684,1.29419e+10
1734936304.5,20090,128955,20090,109,20095,49,175683,1.2942e+10
1734936305.0,20095,128956,20090,109,20095,48,175684,1.29421e+10
1734936306.5,20095,128956,20090,110,20095,48,175684,1.29421e+10
1734936307.0,20095,128956,20090,110,20095,52,175684,1.29421e+10
1734936307.5,20095,128956,20090,110,20095,61,175684,1.29421e+10
1734936308.0,20095,128956,20090,110,20095,61,175684,1.29421e+10
1734936310.0,20095,128957,20090,110,20095,60,175684,1.29422e+10
1734936310.5,20090,128959,20090,108,20095,61,175685,1.29424e+10
1734936311.0,20090,128959,20090,110,20095,61,175685,1.29424e+10
1734936311.5,20090,128959,20090,110,20095,61,175685,1.29424e+10
1734936312.0,20095,128970,20090,109,20095,51,175695,1.29435e+10
1734936312.5,20095,128971,20090,109,20095,50,175696,1.29436e+10
1734936313.0,20095,128976,20090,109,20095,41,175696,1.29441e+10
1734936313.5,20095,128976,20090,114,20095,41,175696,1.29441e+10
1734936314.0,20095,128976,20090,127,20095,41,175696,1.29441e+10
1734936314.5,20095,129006,20090,139,20095,3,175705,1.29471e+10
1734936315.0,20100,129010,20095,44,20100,398,175705,1.29475e+10
1734936315.5,20095,129045,20095,32,20100,391,175693,1.2951e+10
1734936316.0,20095,129047,20095,30,20100,390,175691,1.29512e+10
1734936316.5,20095,129077,20095,11,20100,390,175665,1.29542e+10
1734936317.0,20095,129086,20095,32,20100,391,175662,1.29551e+10
1734936317.5,20095,129086,20095,45,20100,387,175662,1.29551e+10
1734936318.0,20095,129086,20095,71,20100,387,175662,1.29551e+10
1734936318.5,20095,129086,20095,96,20100,388,175662,1.29551e+10
1734936319.0,20095,129086,20095,98,20100,388,175662,1.29551e+10
1734936319.5,20095,129086,20095,100,20100,388,175662,1.29551e+10
1734936320.0,20100,129110,20095,101,20100,364,175686,1.29575e+10
1734936320.5,20100,129110,20095,101,20100,354,175686,1.29575e+10
1734936321.0,20095,129111,20095,103,20100,354,175686,1.29576e+10
1734936321.5,20100,129113,20095,103,20100,352,175688,1.29578e+10
1734936322.0,20100,129114,20095,108,20100,351,175689,1.29579e+10
1734936323.0,20100,129114,20095,107,20100,351,175689,1.29579e+10
1734936324.0,20100,129114,20095,107,20100,351,175689,1.29579e+10
1734936324.5,20100,129114,20095,88,20100,351,175689,1.29579e+10
1734936325.0,20095,129115,20095,88,20100,351,175688,1.2958e+10
1734936325.5,20095,129118,20095,84,20100,351,175685,1.29583e+10
1734936326.0,20100,129120,20095,84,20100,349,175687,1.29585e+10
1734936326.5,20095,129121,20095,75,20100,349,175686,1.29586e+10
1734936327.0,20095,129121,20095,81,20100,349,175686,1.29586e+10
1734936327.5,20095,129121,20095,84,20100,349,175686,1.29586e+10
1734936328.0,20095,129121,20095,85,20100,349,175686,1.29586e+10
1734936328.5,20095,129121,20095,88,20100,349,175686,1.29586e+10
